3292 5034
248 691 440 773 germanicis
471 713 552 774 quae
576 695 737 756 vocantur·
762 691 914 776 gentibus
944 690 1118 775 genuinam
1149 696 1182 755 et
1205 691 1417 756 inveteratam

247 797 345 861 fuisse
369 798 577 862 confirmatur
599 797 710 861 fabula
726 797 792 862 fere
808 798 947 882 gemella
964 799 1002 862 de
1018 796 1251 862 Germanorum
1266 797 1418 862 carminis

248 903 328 984 epici
353 903 449 968 heroe
473 903 601 980 tradita,
625 926 718 987 quem
743 904 900 988 sanguine
920 904 1069 968 draconis
1084 905 1209 968 lautum
1223 904 1418 986 impenetra-

249 1010 344 1074 bilem
378 1011 497 1074 factum
533 1033 599 1074 esse
632 1011 765 1075 tradunt
798 1016 932 1092 excepta
964 1034 1028 1075 nna
1061 1011 1204 1092 corporis
1227 1017 1332 1093 parte,
1356 1011 1418 1093 uhi

247 1121 359 1197 postea
390 1117 429 1181 ab
454 1117 591 1200 Hageno
622 1117 774 1181 insidioso
799 1119 893 1181 hasta
917 1131 1088 1200 percussus
1110 1119 1162 1182 sit.
1208 1118 1252 1183 Et
1275 1123 1311 1183 ut
1335 1119 1418 1209 hanc

246 1223 388 1288 fabulam
420 1226 458 1288 ad
482 1224 652 1306 pueritiam
684 1225 814 1306 proprie
842 1225 949 1289 herois
972 1223 1187 1307 pertinentem
1212 1230 1324 1290 auctor
1348 1248 1418 1290 car-

247 1330 342 1394 minis
366 1330 447 1411 epici
471 1329 518 1393 illi
543 1330 644 1411 parti,
675 1354 737 1414 qua
762 1332 888 1395 caedem
917 1329 1041 1395 invenis
1064 1331 1232 1396 fortissimi
1257 1330 1417 1411 describit,

247 1437 338 1522 quasi
361 1438 400 1499 ἐν
422 1436 560 1519 παρόδῳ
584 1437 728 1517 inseruit,
752 1437 798 1501 ita
821 1437 1038 1502 Arctinum
1063 1461 1199 1522 quoque,
1223 1438 1278 1522 qui
1294 1438 1417 1519 primus

247 1567 354 1608 necem
373 1544 509 1609 Achillis
531 1544 563 1607 in
581 1543 775 1626 Aethiopide
792 1545 920 1626 copiose
936 1545 1089 1623 narravit,
1113 1545 1140 1609 si
1157 1545 1284 1629 quidem
1302 1545 1416 1610 Proclo

247 1653 340 1716 fidem
365 1651 518 1717 habemus
544 1689 582 1697 —
606 1675 680 1715 nam
699 1651 859 1720 Homerus
881 1674 951 1716 eam
976 1656 1102 1717 tantum
1126 1651 1261 1737 stringit
1276 1656 1309 1717 et
1325 1652 1414 1736 quasi

247 1758 403 1840 praedicit
428 1797 477 1839 -,
510 1758 651 1822 fabulam
688 1759 726 1821 aa
759 1756 887 1822 leiim
921 1779 1023 1838 paena
1058 1757 1284 1823 invulnerabili
1317 1758 1416 1842 vulgo
1494 1741 1497 1745 ’

247 1865 399 1929 traditam
424 1865 455 1929 in
481 1887 571 1928 usum
597 1887 688 1930 suum
713 1863 908 1929 convertisse
933 1869 965 1929 et
984 1864 1119 1930 carmini
1134 1865 1306 1937 inseruisse
1322 1865 1417 1929 facile

247 1971 326 2056 fingi
343 1975 458 2053 potest.
492 1971 599 2038 Unum
617 1977 724 2038 tamen
736 1973 863 2038 videtur
875 1972 1005 2054 obstare
1019 1972 1088 2053 hoc,
1104 1975 1189 2057 quod
1205 1973 1238 2037 in
1252 1972 1417 2057 Cypriis,

247 2079 274 2143 si
298 2078 425 2162 quidem
449 2079 716 2161 Apollonium
740 2080 943 2145 Rhodium
966 2103 1031 2145 non
1048 2079 1290 2144 modolibrilV
1308 2101 1417 2144 versus

249 2187 311 2251 798
336 2208 432 2270 seqq.,
464 2186 518 2250 sed
551 2187 647 2251 etiam
681 2187 820 2253 eiusdem
854 2186 929 2252 libri
962 2209 1074 2252 versus
1106 2189 1268 2267 865-77‚
1301 2184 1418 2270 quihus

131 2298 135 2305 '
248 2293 455 2358 continuatur
479 2294 597 2374 fabula,
622 2316 638 2358 e
662 2294 787 2378 Cypriis
811 2293 954 2358 hausisse
973 2293 1258 2358 Reitzensteinium
1267 2292 1291 2375 ¹)
1315 2291 1416 2356 secuti
1534 2350 1539 2356 .

248 2403 333 2464 recte
357 2399 547 2483 colligimus,
578 2401 688 2466 l'ahula
716 2406 848 2465 narrata
870 2400 942 2481 fuit,
972 2423 1068 2484 quam
1093 2399 1416 2480 Apollodorus²)

248 2506 351 2571 reddit
370 2506 436 2574 his:
461 2509 510 2586 ὡς
526 2506 565 2569 ὁὲ
580 2508 741 2594 ἐγέννησε
760 2505 860 2586 Θέτις
874 2508 913 2570 ἐκ
929 2505 1075 2594 Πηλέως
1089 2504 1228 2589 βρέφος,
1245 2503 1418 2568 ἀθάνατον

235 2599 396 2674 'telonea
419 2623 551 2700 ποιησαι
574 2623 684 2685 τοῦτο,
715 2615 829 2696 κρύφα
845 2611 990 2700 Πηλέως
1005 2616 1055 2694 εἰς
1070 2612 1110 2674 τὸ
1125 2622 1190 2694 πῦρ
1206 2612 1418 2696 ἐηηιρυβσῡσα

248 2728 306 2804 της
329 2718 450 2799 νυιιτός
473 2717 631 2802 ἔφθειρεν
655 2718 732 2807 δῆν
748 2721 838 2800 αὐτῷ
862 2717 987 2807 θνητὸν
1002 2728 1170 2802 πατρῷον,
1193 2717 1271 2798 μεθ’
1285 2719 1418 2806 ἡμέραν

248 2825 287 2888 ὁὲ
316 2825 429 2911 ἔχριεν
456 2826 632 2910 ἀμβροσίᾳ.
681 2825 817 2914 Πηλεὺς
841 2827 881 2890 be*
904 2827 1107 2913 ἐπιτηρήσας
1130 2830 1185 2889 ιιαί
1208 2828 1418 2910 ἀσπαίροντα

247 2931 308 2994 τὸν
337 2931 437 2994 παϊὸα
460 2932 543 2995 ἰὸὼν
570 2934 621 2996 ἐπὶ
644 2943 705 2996 τοῦ
728 2933 836 3017 πυρὸς
858 2932 1001 3021 ἐβόησε·
1026 2936 1081 2996 aad
1108 2932 1205 3013 Θέτις
1227 2929 1418 2996 κωλυθεῖσα

248 3041 308 3126 την
331 3041 525 3121 προαίρεσιν
548 3039 733 3113 τελειῶσαι,
759 3043 878 3128 νήπιον
901 3040 962 3103 τὸν
985 3041 1086 3103 παϊὸα
1109 3040 1317 3103 ἀπολιποῦσα
1332 3040 1418 3122 πρὸς

248 3145 422 3232 Νηρηίδας
445 3145 565 3233 ᾤχετο.
613 3148 700 3223 Quae
730 3148 841 3212 fabula
875 3149 934 3212 etsi
965 3170 1037 3212 cum
1061 3153 1171 3213 nostra
1196 3148 1346 3233 congruit
1369 3169 1417 3227 eo,

248 3254 333 3336 quod
356 3252 468 3317 Thetis
498 3254 619 3319 frustra
645 3254 722 3319 fatis
746 3255 868 3319 Achilli
892 3254 1060 3320 destinatis
1089 3254 1250 3320 adversari
1273 3260 1417 3336 conatur,

248 3364 354 3423 tamen
380 3359 513 3425 discedit
543 3363 583 3424 ah
608 3383 645 3425 ea
668 3367 700 3427 et
724 3366 793 3426 tota
823 3361 948 3449 ratione
979 3361 1233 3426 immortalitatis
1256 3361 1417 3442 parandae

248 3465 416 3531 aThetide
441 3467 586 3531 adhibita
610 3473 641 3532 et
666 3490 711 3548 00,
736 3469 821 3551 quod
845 3467 879 3532 in
895 3466 1022 3552 Cypriis
1038 3467 1151 3532 Thetis
1171 3490 1304 3549 puerum
1321 3469 1416 3550 plane

249 3573 534 3655 immortalem,
569 3574 601 3638 in
636 3580 747 3640 nostra
780 3574 892 3639 fabula
926 3574 1278 3639 invulnerabilem
1312 3575 1417 3640 facere

248 3682 364 3746 studet.
403 3679 515 3765 ltaque
531 3687 701 3765 utramque
716 3682 859 3746 fabulam
877 3681 910 3744 in
927 3681 1124 3746 carminibus
1147 3682 1275 3766 cyclicis
1292 3683 1415 3747 narrari
1500 3742 1503 3746 .

247 3787 391 3868 potuisse
415 3788 491 3872 quin
516 3811 677 3853 sumamus
700 3788 782 3853 nihil
806 3789 924 3868 obstat,
948 3788 1063 3853 mirum
1088 3795 1195 3852 tamen
1219 3811 1287 3853 esse
1302 3790 1415 3876 negari

248 3916 311 3958 non
335 3899 451 3975 potest,
475 3897 560 3978 quod
584 3895 716 3960 alterius
740 3895 848 3960 omnia
866 3896 933 3958 fere
950 3895 1087 3980 vestigia
1103 3900 1301 3960 evanuerunt
1317 3919 1416 3982 usque

248 4001 286 4064 ad
320 4000 403 4064 Stati
436 4007 596 4082 tempora,
632 4026 702 4067 cum
737 4003 872 4067 alteram
904 4002 1063 4067 servarint
1096 4002 1348 4085 Apollonius
1383 4009 1416 4070 et

246 4161 459 4171 *ιι-...-

323 4246 340 4312 ¹)
358 4251 375 4304 l.
395 4252 413 4304 l.
436 4269 499 4320 pag.
520 4253 563 4305 78.

323 4335 426 4400 'inim
447 4341 488 4396 111
510 4342 568 4394 ιιι,
