3292 5034
719 471 934 532 ..19-

244 660 306 725 Sed
318 661 379 724 hoc
392 683 515 725 sumere
529 666 560 724 et
573 661 710 741 probare
723 685 782 726 nos
793 665 881 724 vetat
890 661 1037 742 primurn,
1047 663 1131 745 quod
1142 661 1193 725 vix
1207 661 1413 742 credipotest

245 768 440 842 Quintum
465 766 731 850 Smyrnaeum
755 772 883 848 poetam
908 767 1064 832 Graecum
1088 767 1171 831 Stati
1195 769 1412 852 fragmentum
1479 826 1485 837 ,

243 874 359 958 legisse
383 877 416 937 et
439 873 539 937 fontis
562 875 634 938 loco
658 897 694 938 eo
720 897 811 938 usum
837 897 914 954 esse,
938 875 1059 954 deinde,
1083 877 1168 957 quod
1184 872 1411 956 Apollodori
1503 899 1507 904 ’

243 985 275 1044 et
298 979 462 1064 Hygini·
481 981 669 1061 compendia
694 1003 710 1043 e
734 981 817 1045 libro
841 982 970 1044 fluxisse
993 981 1141 1061 fabulari,
1165 1003 1259 1065 quem
1279 979 1414 1044 Bethius

242 1086 346 1168 primo
371 1109 397 1151 a.
422 1087 453 1152 O.
478 1111 507 1152 n.
539 1086 690 1151 attribuit
721 1088 865 1166 saeculo,
895 1111 992 1169 supra
1016 1088 1198 1154 notavimus
1211 1088 1245 1170 ¹),
1278 1086 1414 1169 denique

243 1192 387 1257 Servium
420 1193 569 1257 notitiam
599 1194 727 1258 fabulae
756 1217 820 1260 non
845 1194 949 1259 Statio
974 1195 1088 1259 debere
1118 1195 1182 1258 iam
1206 1195 1280 1258 inde
1302 1191 1414 1276 colligi

153 1290 154 1293 ¹
242 1303 358 1380 potest,
382 1301 467 1382 quod
490 1301 523 1363 in
547 1300 657 1364 fabula
681 1302 860 1364 enarranda
883 1301 951 1364 eius
975 1301 1105 1365 omnino
1129 1301 1326 1366 mentionem
1348 1322 1412 1363 non

243 1407 359 1487 fecit.²)
410 1406 593 1470 Verisimile
626 1407 726 1490 igitur
760 1411 808 1472 est
840 1408 983 1471 fabulam
1017 1412 1117 1472 totam
1152 1408 1215 1471 iam
1234 1412 1411 1470 narratam

243 1513 340 1577 fuisse
365 1513 396 1576 in
422 1512 619 1593 compendiis
642 1513 870 1596 mythologicis
895 1518 927 1577 et
946 1513 1020 1577 inde
1036 1515 1171 1595 petitam
1188 1535 1257 1577 eam
1275 1513 1413 1594 primurn

243 1619 376 1684 carmini
400 1619 571 1682 inseruisse
596 1619 686 1700 epico
711 1619 860 1684 Statium.
899 1619 1033 1685 Accedit
1054 1621 1140 1703 quod
1156 1621 1298 1684 fabulam
1315 1622 1413 1685 talem

243 1727 368 1790 novisse
392 1730 424 1789 et
448 1729 594 1807 spectare
619 1725 698 1789 milri
721 1727 850 1809 quidem
874 1727 1031 1791 videntur·
1046 1727 1109 1790 iam
1133 1727 1352 1812 Vergilius
1382 1731 1414 1790 et

244 1833 430 1911 Ovidius,
455 1855 526 1896 oum
544 1832 653 1897 dicant
672 1832 878 1896 direxisse
896 1832 1104 1914 Appollinem
1120 1832 1245 1896 Paridis
1261 1833 1414 1916 sagittam

243 1942 275 2004 in
301 1939 439 2003 Achillis
462 1936 632 2020 oorpus³);
664 1962 737 2002 nam
762 1941 824 2004 hoc
848 1941 945 2003 verbo
976 1939 1057 2003 mihi
1080 1939 1207 2023 quidem
1232 1939 1414 2022 significare

243 2047 380 2111 voluisse
399 2047 545 2110 videntur
561 2050 681 2109 certam
698 2051 827 2110 tantum
843 2068 946 2129 neq-ue
961 2046 1056 2110 facile
1071 2046 1249 2110 feriendam
1270 2046 1413 2127 corporis

243 2159 366 2235 partem
395 2153 557 2216 vulnerari
589 2153 749 2234 potuisse;
783 2140 866 2216 idem
900 2153 1000 2217 sensit
1033 2153 1218 2232 Servius,
1251 2175 1323 2231 curn
1359 2153 1414 2216 ad-

243 2265 371 2324 notaret
401 2261 441 2323 ad
464 2260 544 2324 Aen.
568 2259 615 2324 Vl
640 2261 698 2324 57:
735 2260 806 2323 berre
830 2263 874 2322 ait
901 2260 1107 2340 „dir·exti“
1136 2263 1227 2345 perosi
1250 2261 1293 2322 od
1315 2261 1412 2323 sol-um

175 2398 178 2402 ·
242 2367 462 2430 orclaerobilerrr
487 2368 594 2431 locum.

309 2475 360 2538 Ad
392 2475 525 2537 eandem
556 2474 623 2536 fere
654 2477 791 2538 aetatem
825 2478 857 2537 et
890 2474 1015 2537 eosdem
1049 2474 1115 2537 fere
1148 2473 1277 2538 fabulae
1309 2474 1415 2539 fontes

243 2581 388 2644 ducimur
420 2581 452 2644 in
486 2579 644 2665 originem
668 2581 801 2646 duarum
836 2580 1014 2664 imaginum
1047 2581 1262 2663 inquirenteS,
1295 2581 1412 2664 quibus

242 2687 351 2751 fabula
375 2692 485 2751 nostra
510 2709 658 2768 expressa
681 2687 844 2752 invenitur
868 2689 929 2768 ita,
960 2691 997 2751 ut
1020 2687 1255 2768 conspiciamus
1279 2710 1412 2769 puerum

243 2817 261 2857 a
286 2798 387 2857 matre
418 2795 507 2876 pedis
539 2794 674 2858 articulo
706 2795 901 2875 prehensum
934 2800 965 2858 et
989 2793 1197 2876 praecipitem
1225 2794 1257 2858 in
1282 2795 1414 2860 fluvium

243 2901 434 2980 immersum,
458 2901 514 2984 qui
532 2901 648 2965 fluvius
668 2901 871 2985 significatur
895 2902 927 2964 in
944 2902 1047 2965 altera
1062 2901 1203 2985 imagine
1220 2903 1324 2965 Amne
1340 2902 1415 2966 bar·

243 3007 327 3087 bato,
352 3008 407 3090 qui
423 3031 537 3091 aquam
555 3031 593 3072 ex
610 3031 691 3072 urna
707 3008 884 3089 profundit,
907 3009 941 3072 in
958 3009 1059 3072 altera
1076 3009 1218 3092 nympha
1233 3008 1330 3072 simili
1346 3008 1414 3072 viee

242 3113 408 3197 fungente.
447 3113 555 3198 Atque
580 3119 796 3194 monumenta,
820 3115 854 3177 in
871 3114 987 3198 quibus
1010 3114 1167 3198 imagines
1191 3115 1309 3197 incisae
1329 3120 1414 3194 sunt,

243 3221 300 3284 etsi
326 3221 396 3300 ipsa
420 3226 524 3285 aetate
541 3221 688 3286 Statiana
712 3221 813 3285 multo
834 3221 988 3285 inferiora
1004 3243 1073 3285 esse
1088 3220 1150 3284 viri
1166 3221 1245 3285 artis
1262 3221 1414 3304 antiquae

204 3332 206 3336 ’
242 3326 428 3407 peritissimi
458 3328 639 3393 rationibus
663 3328 751 3392 ducti
783 3326 941 3391 technicis
971 3327 1178 3391 consentiunt
1202 3363 1240 3371 —
1276 3328 1413 3393 alterum

242 3433 336 3513 enim,
367 3437 487 3497 tensa
503 3457 591 3516 quae
616 3424 747 3498 vocatur
771 3433 1030 3514 Capitolina,
1062 3434 1273 3514 temporibus
1297 3434 1414 3517 quibus

242 3540 420 3604 floruerunt
460 3541 616 3604 Antonini
656 3539 821 3620 Caesares,
861 3539 1051 3605 attribuitur
1084 3565 1103 3603 a
1133 3540 1414 3621 Castellani4),

318 3678 334 3745 ¹)
353 3701 419 3750 aaa·
440 3683 463 3736 2·

318 3767 335 3834 'l
354 3789 419 3826 nam
440 3773 513 3838 quod
533 3773 562 3826 in
580 3771 675 3826 codice
689 3771 839 3826 Dresdensi
852 3773 887 3826 ad
901 3773 970 3827 Aen.
982 3773 1019 3825 Vl
1032 3775 1074 3837 57,
1093 3773 1161 3828 th.
1176 3773 1254 3827 1269
1272 3771 1413 3835 laudatur,

243 3860 295 3914 hoc
314 3861 450 3914 Italorum
477 3878 547 3915 saec.
567 3861 617 3913 XV
636 3862 864 3915 additamentum
892 3879 951 3917 esse
974 3863 1055 3916 Thilo
1075 3862 1189 3926 statuit,
1215 3865 1247 3914 ut
1266 3862 1295 3914 in
1315 3862 1413 3916 eodem

243 3948 337 4003 codice
356 3950 393 4002 ad
412 3951 480 4004 Aen.
501 3950 570 4012 173,
591 3951 656 4002 Ach.
679 3952 689 4002 l
709 3951 757 4003 101
778 3950 924 4013 laudatum
945 3951 979 4004 cf.
999 3951 1082 4003 Thilo
1101 3951 1187 4017 praef.
1208 3969 1272 4018 pag.
1282 3951 1342 4005 xci
1355 3968 1412 4016 seq.

316 4033 334 4099 ⁸)
354 4038 387 4092 cf.
407 4037 475 4091 Aen.
496 4038 535 4091 VI
554 4039 597 4101 57,
617 4039 803 4107 Metamorph.
823 4041 875 4093 XII
895 4041 955 4094 601.

316 4123 334 4190 ⁴)
357 4126 407 4193 „oi
433 4144 488 4181 uno
515 4145 593 4182 carro
620 4145 710 4192 sacro,
739 4145 840 4182 ovvero
867 4128 895 4180 di
915 4147 971 4182 una
997 4132 1078 4182 tensa
1098 4146 1149 4182 con
1169 4127 1364 4182 rivestimento
1384 4129 1412 4180 di

242 4217 352 4283 bronio,
377 4215 436 4270 ed'
457 4215 517 4270 suoi
536 4213 655 4280 rilievi“,
681 4218 709 4270 in
729 4214 871 4272 Bulletino
891 4217 965 4272 della
992 4217 1189 4273 commissione
1216 4218 1411 4295 archeologioa

149 4351 151 4355 .
243 4305 419 4361 communale
438 4306 465 4360 di
486 4306 575 4361 Roma
596 4307 662 4361 1877
683 4325 747 4374 pag.
769 4306 829 4361 133.

1221 4413 1252 4466 2*
