3292 5034
458 127 664 196 ΨΜ»

497 209 531 249 OF
549 211 607 250 ΤΗΕ

416 257 682 393 υΝΝΕΟβδΙΤΥ

454 409 652 506 066666Ὲέ

394 515 396 520 ’
677 547 715 556 -
764 514 804 575 27
855 547 893 556 ·-

200 709 322 790 posuit,
358 709 511 773 Graecum
551 707 680 770 fabulae
720 705 869 771 notitiam
904 705 1008 770 Statio
1043 706 1157 768 debere
1192 727 1233 794 eo*
1265 705 1369 766 minus

200 814 351 879 credibile
375 819 431 891 est,
461 815 545 897 quod
569 836 609 878 ne
634 813 794 898 Vergili
819 813 946 896 quidem
972 835 1098 876 carmen
1127 811 1367 875 celeberrimum

201 922 305 1003 poetis
330 921 427 1002 epicis
451 921 682 1002 posterioribus
700 919 829 984 Graecis
854 919 1005 995 Quinto
1029 919 1251 1001 Smyrnaeo
1268 917 1369 1001 Try·
1438 924 1441 930 ‘
1541 922 1543 925 ’

201 1028 402 1109 phiodoro
435 1028 535 1092 fontis
567 1028 637 1091 loco
662 1050 725 1111 quo
759 1031 926 1091 uterentur
958 1026 1159 1107 propositum
1187 1025 1287 1088 fuisse
1310 1047 1369 1105 pro

201 1139 288 1198 certo
321 1135 383 1198 dici
416 1136 563 1217 potest.¹)
609 1135 803 1199 Sumendum
834 1134 934 1218 igitur
958 1156 1025 1198 esse
1049 1155 1161 1197 censeo
1184 1132 1326 1196 fabulam
1352 1155 1370 1194 a

201 1247 296 1323 poeta
329 1242 436 1325 aliquo
468 1241 588 1306 Graeco
628 1278 660 1286 -·
701 1243 838 1306 fortasse
873 1241 1023 1321 picturis,
1058 1241 1174 1324 quibus
1209 1238 1369 1302 Achillem

202 1349 337 1416 Thetide
367 1344 534 1430 praesente
565 1349 719 1413 traditum
743 1348 874 1432 depingi
898 1369 995 1428 supra
1019 1347 1256 1426 adnotavimus,
1287 1345 1370 1409 male

201 1457 374 1521 intellectis
402 1496 435 1504 —
471 1451 627 1520 variatam
651 1479 669 1518 a
692 1454 940 1538 rnytlrographis
964 1454 1091 1538 cyclicis
1114 1459 1277 1518 enotatam
1302 1474 1369 1516 esse

202 1568 234 1627 et
257 1565 330 1628 inde
353 1564 488 1645 petitam
513 1587 530 1626 a
554 1562 658 1626 Statio
683 1567 714 1626 et
738 1562 861 1626 ceteris

268 1671 335 1761 Iam
368 1670 553 1753 priusquam
588 1670 626 1733 ad
659 1669 797 1733 Achillis
830 1669 913 1749 apud
945 1668 1114 1731 Chironem
1149 1668 1368 1732 educationem

202 1777 446 1862 progrediamur
464 1778 682 1856 enarrandam,
695 1798 797 1858 pauca
813 1775 893 1839 lihet
909 1798 1116 1855 praemonere
1133 1777 1171 1839 de
1187 1775 1369 1840 Patroclo

202 1907 267 1948 una
291 1907 362 1948 cum
379 1883 506 1948 Achille
530 1907 549 1948 a
572 1884 709 1948 Chirone
733 1886 878 1950 educato,
916 1883 1028 1947 Tradit
1052 1884 1134 1947 enim
1160 1883 1291 1962 Statius
1315 1883 1369 1946 uhi

204 1994 242 2056 de
266 1991 394 2056 Achille
418 2016 436 2055 a
459 1996 577 2056 venatu
600 1993 753 2056 redeunte
776 1984 929 2075 loquitur,
953 1993 1031 2054 haec
1042 1990 1084 2069 2);

309 2119 483 2202 insequitur
505 2139 617 2201 rrcupuo
640 2120 704 2180 lusu
728 2125 801 2182 turus
825 2139 956 2180 conexus·
979 2139 1082 2180 errrore

310 2225 474 2288 Patroclus
497 2227 652 2309 oculisque
675 2225 850 2288 extenditur·
873 2226 1012 2288 sursulus
1035 2226 1120 2305 ociis,

306 2353 369 2414 pur
392 2332 504 2394 sirrdiis
528 2334 654 2416 demque
676 2333 783 2409 modis
807 2333 875 2395 sed
898 2331 1036 2395 robore
1059 2331 1218 2415 louqess),

309 2445 335 2500 ei
358 2445 460 2502 iurrceu
484 2441 609 2524 aequali
631 2441 754 2502 cisimus
778 2439 931 2521 Pergamo
951 2440 1029 2519 sisto,

202 2591 413 2602 ...-.—.-...„..

281 2667 494 2733 1lDissentiunt
520 2671 594 2725 enini
621 2673 655 2726 de
680 2673 733 2725 hac
758 2689 787 2725 re
807 2671 861 2724 viri
880 2670 964 2734 docti,
991 2688 1053 2724 cum
1080 2669 1130 2723 alii
1152 2670 1215 2722 illos
1239 2672 1371 2737 poetase

204 2760 330 2827 Vergilio
343 2760 463 2828 pendere
477 2761 619 2814 affirment
632 2760 676 2822 (cf.
690 2761 799 2814 Kehm
808 2763 820 2813 t
829 2778 914 2824 now,
928 2759 962 2813 de
976 2757 1073 2820 Quinti
1087 2758 1233 2825 Smyrnaei
1247 2759 1372 2812 fontibus

204 2854 232 2904 et
252 2849 433 2916 mythopoeia
451 2848 543 2903 Kiliae
565 2849 648 2913 1891;
677 2848 702 2902 N
711 2851 816 2913 oaclr,
844 2849 971 2915 Gotting.
991 2848 1095 2914 gelehr.
1115 2847 1183 2900 Anu.
1212 2848 1281 2901 1892
1308 2865 1372 2916 pag.

205 2940 255 2992 795
266 2957 357 3007 seqq.;
371 2940 492 2993 Hermae
501 2938 554 2992 vol.
563 2939 666 2992 XXVII
677 2957 740 3007 pag.
749 2940 800 2992 457
812 2956 888 3005 seqq.
898 2958 904 3001 ;
919 2939 990 2991 Mus.
1000 2938 1087 2991 Rhen.
1098 2937 1140 3001 48,
1151 2955 1214 3005 pag.
1223 2937 1276 2990 420
1286 2940 1372 3004 seqq.)

204 3028 253 3082 alii
273 3031 377 3095 negent
397 3027 557 3092 (Heium,
578 3028 689 3102 Vergils
709 3027 819 3096 epische
839 3028 964 3082 Technik
983 3045 1047 3095 pag.
1061 3027 1095 3080 63
1112 3044 1188 3094 seqq.
1198 3047 1209 3090 ;.
1223 3027 1249 3077 N
1255 3026 1371 3088 orden,

204 3118 274 3172 Nov.
289 3118 381 3172 annal.
396 3118 448 3170 Vll
464 3117 530 3171 1901
546 3135 609 3184 pag.
621 3117 672 3171 329
686 3113 693 3139 ¹
702 3139 708 3180 ς
730 3117 850 3181 Kroll,
870 3108 1043 3170 Fleckeiseni
1062 3117 1155 3170 annal.
1170 3116 1257 3182 suppl.
1268 3115 1372 3168 XXVII

204 3225 268 3275 pag.
284 3207 333 3266 162
347 3205 443 3274 seqq).
478 3207 548 3260 Mihi
569 3206 689 3274 quidem,
710 3206 732 3258 si
751 3207 780 3259 in
800 3207 854 3260 hac
872 3224 901 3260 re
921 3205 1029 3260 lubrica
1042 3205 1177 3259 iudicium
1191 3203 1372 3267 facerelicet‚

206 3295 385 3349 verisimilius
413 3297 525 3350 videtur
550 3297 624 3363 quod
653 3295 785 3350 Heinnius
814 3296 917 3349 statuit
945 3295 1065 3350 Graecos
1093 3298 1204 3363 poetas,
1233 3292 1281 3346 ubi
1310 3311 1372 3346 cum

204 3384 330 3452 Vergilio
357 3388 521 3452 congruant,
548 3404 604 3440 non
624 3403 656 3441 ex
675 3385 732 3449 illo,
753 3387 802 3440 sed
821 3403 854 3439 ex
874 3387 970 3439 eodem
991 3405 1053 3439 cum
1073 3386 1123 3438 illo
1143 3386 1221 3438 fonte
1240 3381 1372 3436 hausisse.

138 3484 142 3492 '
203 3474 240 3529 Et
259 3491 331 3541 quae
350 3475 423 3529 ratio
443 3475 601 3529 intercedat
620 3475 694 3529 inter
712 3478 811 3543 poetas
831 3475 951 3529 Graecos
976 3478 1005 3529 et
1024 3475 1165 3527 Romanos
1183 3473 1289 3526 Kroll
1308 3472 1335 3533 ll.
1354 3471 1372 3524 l.

204 3581 269 3632 pag.
281 3564 342 3627 163)
360 3563 502 3631 significat
520 3563 578 3619 his:
601 3563 667 3631 „Die
686 3565 853 3631 Benutuung
872 3564 948 3618 eines
966 3563 1124 3618 romischen
1137 3563 1266 3616 Dichters
1285 3563 1373 3616 durch

204 3651 285 3706 einen
312 3649 505 3719 griechischen
527 3653 565 3706 ist
583 3656 670 3708 etwas
689 3671 719 3706 so
739 3651 1054 3720 Audergewohnliches‚
1081 3651 1138 3706 dati
1158 3669 1187 3706 es
1206 3652 1291 3705 schon
1310 3651 1373 3704 sehr

204 3743 313 3796 starker
332 3743 505 3809 Argumente
525 3743 666 3807 bediirfte,
692 3761 740 3796 um
760 3742 800 3797 sie
819 3741 963 3810 glaublich
989 3761 1022 3795 zu
1042 3742 1174 3796 machon:
1203 3742 1260 3795 und
1279 3740 1373 3794 solche

204 3832 378 3898 Argumenta
397 3831 459 3885 sind
479 3831 572 3886 bisher
590 3831 669 3886 nicht
688 3827 894 3906 heigebracht.“

279 3917 296 3984 ⁹)
316 3921 350 3976 cf.
371 3922 382 3973 l
403 3921 454 3974 174
473 3939 548 3988 seqq.

219 4035 221 4040 v
279 4006 296 4074 ⁸)
315 4012 347 4063 In
367 4011 419 4065 hoc
439 4028 519 4064 versu
545 4012 693 4078 pangendo
713 4012 804 4066 Statio
829 4012 992 4066 obversatus
1012 4010 1123 4065 videtur
1149 4006 1306 4078 esse-locus
1325 4010 1373 4064 ille

205 4099 370 4154 Homericus
390 4098 424 4162 (A
445 4101 495 4154 786
516 4103 610 4169 seqq),
635 4101 683 4154 uhi
703 4100 861 4156 Menoetius
887 4101 973 4154 filium
1002 4119 1063 4154 cum
1085 4100 1194 4154 Achille
1214 4100 1250 4154 ad
1269 4100 1373 4154 bellum

204 4191 394 4258 profecturum
409 4185 520 4245 monet:
540 4189 645 4241 τέκνον
657 4189 738 4254 ἐμόν,
755 4197 845 4257 γενεῇ
861 4189 919 4254 μὲν
937 4189 1101 4256 ὑπέρτερός
1117 4190 1197 4240 ἐστιν
1213 4183 1374 4255 Ἀχιλλεύς,

204 4278 407 4348 πρεσβύτερος
426 4276 460 4330 δὲ
479 4281 515 4332 σύ
534 4280 615 4332 ἐσσί·
634 4279 681 4349 βίῃ
701 4275 744 4331 d'd'
762 4296 799 4348 γε
817 4279 935 4331 πολλὸν
954 4281 1089 4344 ἀμείνων.
1121 4281 1265 4345 Patroclus
1285 4278 1374 4344 igitur

206 4369 311 4424 viribus
339 4371 428 4424 multo
455 4369 571 4427 inferior
597 4371 700 4425 dicitur
726 4370 811 4427 fuisse
832 4371 949 4425 Achille.
987 4371 1046 4426 Hoc
1072 4371 1095 4424 si
1118 4374 1261 4433 tenemus,
1288 4369 1372 4424 Sand-
