3292 5034
739 496 958 559 -54.„

263 697 294 756 et
318 691 402 755 curis
419 691 465 754 ita
481 691 641 772 impletus,
665 694 702 753 ut
717 689 771 754 vix
787 712 933 755 somnum
950 711 1063 769 capere
1079 691 1196 771 posset,
1220 687 1295 751 dum
1311 686 1434 770 reliqua

262 799 374 863 domus
399 799 464 862 elta
488 797 571 861 iacet
594 798 710 861 obruta
733 796 849 880 quiete.

329 905 463 968 Postero
496 903 546 967 die
579 926 671 967 mane
702 903 920 968 Diomedes
957 926 1028 967 cum
1062 903 1223 988 Agyrte
1253 899 1385 964 tibicine
1415 923 1434 964 a

264 1035 344 1076 nave
367 1033 514 1076 reversus
538 1011 621 1075 dona
644 1011 748 1075 media
773 1011 855 1075 arcis
879 1012 912 1074 in
937 1011 1010 1074 aula
1034 1009 1184 1091 disponit,
1210 1010 1283 1072 dum
1308 1008 1434 1088 puellae

262 1118 436 1183 Bacchicos
461 1122 564 1204 agunt
587 1118 711 1197 choree,
736 1118 853 1202 quibus
878 1117 1022 1181 Achilles
1045 1116 1143 1181 simili
1162 1116 1255 1180 modo
1272 1120 1434 1200 repugnat

261 1231 294 1290 et
317 1226 495 1290 reluctatur
526 1230 622 1309 atque
646 1226 805 1309 quondam
832 1224 995 1289 Pentheus
1019 1223 1200 1288 Thebanus
1247 1220 1353 1286 Sacris
1376 1223 1433 1286 ab·

261 1331 376 1396 solutis
406 1332 531 1413 puellae
562 1331 595 1394 in
628 1354 732 1396 arcem
763 1333 898 1396 redeunt
928 1336 960 1395 et
984 1354 1003 1394 a
1027 1330 1180 1395 Diomede
1207 1330 1291 1393 dona
1315 1329 1433 1414 eligere

260 1438 374 1516 iussae,
398 1442 431 1502 et
454 1439 596 1520 praemia
619 1440 729 1503 oblata
746 1438 866 1502 laboris
883 1442 915 1502 et
931 1438 1024 1522 signa
1041 1436 1183 1518 hospitii,
1207 1435 1316 1502 statim
1333 1434 1433 1500 indoli

261 1549 294 1608 et
323 1549 459 1608 naturae
489 1546 660 1610 obsecutae
692 1567 815 1630 organa
846 1545 1004 1610 Bacchica
1021 1544 1165 1626 rapiunt
1189 1548 1221 1608 et
1244 1548 1434 1608 ornamenta

259 1650 387 1714 feminis
418 1655 494 1733 apta
526 1652 623 1716 armis
654 1652 819 1738 neglectis,
851 1652 967 1736 quibus
999 1651 1143 1716 Achilles
1174 1673 1248 1715 mox
1276 1651 1433 1732 proditur.

260 1758 322 1822 Hic
354 1757 454 1838 enirn,
483 1759 539 1822 ubi
563 1759 700 1840 clipeum
726 1759 894 1841 conspexit
917 1759 1023 1825 Ulixis
1047 1759 1159 1822 hastae
1189 1758 1385 1823 adclinatum
1400 1757 1432 1840 ¹),

260 1865 373 1930 ardore
396 1865 538 1929 bellandi
561 1867 694 1931 affectus

366 1973 583 2054 tufreruur't
606 1977 807 2059 torsitque
828 1996 954 2059 geues
976 1981 1010 2037 et
1029 1974 1168 2055 fronte
1190 1974 1339 2037 retietu

365 2101 579 2144 surrexere
608 2080 776 2163 comuni)

259 2185 305 2251 Ut
329 2209 403 2251 vero
428 2187 561 2268 propius
586 2188 718 2252 accessit
742 2193 774 2252 et
798 2188 886 2270 turpi
910 2193 998 2253 veste
1022 2187 1182 2252 occultum
1207 2209 1241 2250 se
1265 2185 1432 2268 conspexit

258 2293 359 2375 ipsius
383 2293 523 2378 imagine
547 2295 669 2360 metalli
685 2295 827 2377 politura
851 2295 983 2374 reddita,
1006 2296 1169 2359 torruit
1192 2294 1433 2378 erubuitque

259 2401 421 2484 simut.³)
474 2400 555 2466 Tum
586 2400 699 2467 Ulixes
731 2403 853 2484 pudore
885 2402 1053 2483 impletum
1084 2402 1230 2466 iuvenem
1263 2401 1432 2465 summissa

259 2531 335 2573 voce
355 2508 514 2587 hortatur,
538 2531 577 2572 ne
601 2508 721 2573 diutius
738 2515 881 2573 moretur
905 2513 937 2573 et
953 2509 1100 2574 Thetidis
1126 2532 1220 2574 curas
1243 2513 1432 2591 aspernatus

258 2615 387 2680 Troiam
419 2637 490 2679 cum
516 2614 646 2680 Graecis
670 2621 769 2697 petat.
815 2617 896 2680 que
915 2624 1046 2701 pectus
1069 2619 1205 2680 umictu
1229 2613 1431 2697 taxabam),

259 2746 329 2787 curn
347 2721 488 2807 Agyrtes
504 2722 585 2787 lituo
602 2723 770 2788 classicum
790 2724 886 2804 canit,
910 2746 973 2807 quo
990 2724 1181 2806 perterritae
1197 2723 1324 2805 puellae
1338 2724 1431 2788 donis

258 2829 427 2922 missisad
451 2835 574 2910 patrem
600 2830 809 2915 confugiunt,
841 2836 875 2894 at
904 2832 1023 2895 illius
1046 2835 1229 2895 tutactue
1251 2831 1432 2895 cecidere

258 2959 278 3000 u
299 2943 458 3020 pectore
481 2944 607 3002 uestes
631 2943 662 3002 et
686 2938 783 3002 armis
808 2938 945 3019 arreptis

493 3065 559 3107 ceu
583 3047 778 3129 prottuus
801 3045 979 3109 Hectore
1004 3067 1175 3130 poscens

494 3158 575 3213 stat
598 3153 749 3216 medius
781 3153 1016 3235 trepidcute
1044 3152 1199 3234 doruof'),

257 3257 352 3337 plane
376 3256 497 3320 oblitus
521 3261 553 3320 et
576 3257 712 3321 materni
728 3257 793 3322 doli
811 3265 843 3323 et
860 3264 984 3323 amatae
1001 3260 1194 3340 Deidamiae,
1218 3283 1300 3344 quae
1315 3260 1430 3325 timore

257 3367 290 3426 et
320 3363 429 3427 dolore
460 3364 574 3428 affecta
605 3369 737 3446 propter
770 3365 893 3430 furtum
929 3351 1089 3430 detectum
1123 3372 1154 3431 et
1186 3390 1323 3450 poenam
1356 3367 1448 3431 inde'

255 3630 306 3667 nos
332 3614 424 3677 vetat,
453 3614 528 3680 quod
555 3617 640 3683 poeta
667 3614 696 3668 in
726 3617 908 3683 sequentibus
937 3621 1034 3686 aperte
1063 3619 1123 3673 eius
1150 3618 1324 3673 mentionem
1351 3617 1429 3683 facit,

257 3701 291 3755 cf.
305 3721 331 3755 v.
345 3703 405 3764 732,
420 3703 480 3763 735,
496 3705 555 3767 766,
570 3705 630 3758 815.
668 3705 845 3774 Quamquam
864 3707 893 3759 in
914 3708 957 3760 his
976 3706 1099 3774 aliquam
1120 3711 1221 3776 poetae
1238 3705 1427 3762 coniventiam

255 3792 345 3845 inesse
364 3791 463 3858 negari
482 3810 538 3847 non
557 3798 659 3862 potest,
679 3813 743 3849 nam
761 3796 908 3849 Diomedes
923 3796 987 3848 inde
1001 3814 1018 3849 a
1031 3813 1113 3850 versu
1126 3796 1178 3850 725
1192 3814 1278 3864 usque
1292 3797 1329 3850 ad
1343 3797 1428 3850 v.819

255 3880 325 3934 adeo
344 3881 512 3950 neglegitur,
533 3887 564 3937 ut
583 3884 677 3938 nescio
697 3903 752 3952 quc
772 3887 855 3938 modo
874 3903 938 3939 eum
958 3883 1053 3953 potius
1072 3887 1217 3940 absentem
1237 3887 1383 3953 fingamus.

331 3985 348 4050 ¹)
369 3989 403 4042 cf.
423 3989 490 4042 Aah.
511 3991 524 4042 I
543 3990 596 4044 723
615 4009 673 4058 seq,

329 4073 347 4138 ⁹)
366 4077 433 4131 Ach.
454 4079 467 4130 I
486 4078 547 4132 855.

330 4162 347 4225 ³)
369 4165 405 4220 ib.
425 4166 486 4220 866.

328 4251 347 4317 ⁴)
369 4255 407 4308 ib.
427 4255 488 4310 874.

328 4339 347 4406 ⁶)
366 4343 405 4397 ib.
424 4344 476 4398 883
496 4362 553 4414 seq.
