3292 5034
702 467 918 528 -13..

226 659 399 724 verisimile
429 664 493 739 est,
526 659 587 723 nisi
618 660 702 723 forte
735 664 861 741 spectat
891 659 1098 740 Proteum,
1131 659 1221 724 cuius
1254 659 1397 724 vaticinii

226 789 396 830 memorem
422 766 517 850 fingit
533 764 701 830 Thetidem
710 766 743 846 ¹),
767 789 862 849 quem
886 770 993 830 tamen
1018 766 1139 847 nuptiis
1162 766 1346 831 interfuisse
1366 771 1397 830 et

225 873 410 937 vaticinium
436 873 569 936 edidisse
594 895 695 953 nemo,
720 877 876 956 quantum
901 872 1045 956 equidem
1071 873 1144 952 vidi,
1168 873 1275 938 tradit.

292 978 358 1043 lam
383 981 421 1044 de
445 980 598 1045 formae
623 980 852 1044 certamine
877 979 910 1042 in
928 979 978 1044 his
1002 979 1125 1061 nuptiis
1140 980 1225 1044 inter
1241 979 1394 1044 Iunonem

225 1087 400 1151 Minervam
433 1086 591 1151 Venerem
627 1089 701 1152 deas
742 1092 854 1152 exorto
886 1092 922 1151 ut
953 1109 1055 1168 pauca
1085 1087 1242 1167 dicamus,
1273 1086 1397 1151 Statius

225 1194 366 1258 falmiam
392 1199 516 1258 tantum
543 1195 681 1279 tangito
706 1217 801 1258 causa
825 1194 1002 1258 discordiae
1021 1194 1255 1274 praetermissa,
1279 1196 1317 1258 de
1333 1217 1396 1277 qua

224 1301 371 1365 conferas
406 1301 500 1365 velim
536 1300 642 1366 Procli
678 1306 828 1382 excerpta
841 1301 883 1383 8),
917 1301 1005 1382 Epit.
1032 1301 1132 1365 Vatic.
1158 1304 1187 1379 3,
1212 1305 1238 1379 1,
1272 1302 1395 1386 Hygini

227 1409 287 1474 fab.
313 1411 363 1488 92,
388 1408 474 1476 Serv,
500 1409 539 1472 ad
564 1409 661 1493 Verg.
686 1408 766 1474 Aen.
789 1408 804 1472 l
830 1411 880 1473 27.
908 1445 943 1452 —
972 1408 1072 1483 Quam
1097 1409 1220 1472 formae
1244 1409 1332 1472 litem
1359 1413 1395 1472 ut

224 1516 362 1580 solveret
387 1515 486 1595 Paris,
520 1515 575 1598 qui
598 1520 710 1597 pastor
734 1515 765 1578 iu
792 1516 848 1580 [da
871 1520 941 1579 erat
964 1519 1082 1589 monte,
1107 1515 1228 1579 electus
1251 1517 1395 1598 pulchri-

224 1623 344 1686 tudinis
367 1623 542 1703 praemium
569 1621 687 1686 Veneri
712 1621 868 1702 tribuitf)
914 1622 1027 1706 Pergit
1050 1621 1163 1687 deinde
1186 1623 1334 1704 poeta⁵):

354 1731 410 1794 Iro
437 1732 536 1814 qualit
561 1732 655 1793 ciclos
679 1729 734 1810 (sc,
760 1729 866 1810 deas);
892 1731 970 1812 petil
993 1731 1134 1792 exitialia
1158 1731 1252 1793 iudea

348 1840 510 1920 pr·oeruiu,·
533 1839 653 1920 raptori
673 1838 784 1918 faciles
807 1843 1023 1900 ruouslroidur
1047 1838 1201 1920 Aiiryclue.

290 1944 383 2009 Unde
407 1943 511 2024 primo
536 1944 651 2007 obtutu
676 1943 792 2026 aliquis
816 1943 917 2024 possit
939 1942 1090 2027 colligere
1111 1943 1248 2008 Statium
1266 1967 1331 2009 rem
1349 1944 1395 2008 ita

225 2050 366 2130 linxisse,
397 2054 434 2115 ut
464 2055 593 2131 putaret
624 2051 698 2114 deas
730 2075 747 2113 a
772 2050 886 2113 Paride
919 2050 1083 2133 neglectas
1106 2055 1142 2115 ut
1166 2050 1392 2115 contumeliam

222 2156 300 2238 ipsis
335 2157 464 2220 allatam
502 2156 731 2220 ulciscerentur
771 2156 819 2219 ira
859 2178 1008 2220 accensas
1044 2156 1187 2220 Helenae
1224 2157 1394 2238 rapiendae

223 2269 369 2328 auctores
402 2269 434 2327 et
463 2286 608 2327 suasores
641 2263 746 2326 fuisse.
793 2263 854 2326 Sed
888 2263 1031 2345 praemia
1062 2269 1172 2345 petere
1205 2264 1298 2329 iudex
1329 2289 1393 2330 non

223 2374 349 2452 poterat
366 2370 427 2434 nisi
445 2371 484 2433 ab
502 2393 546 2450 ea,
563 2371 613 2433 cui
627 2370 878 2451 pulchritudinis
894 2370 1053 2434 tribuerat
1065 2371 1214 2451 palmam,
1231 2395 1249 2434 a
1264 2372 1393 2438 Venere.

223 2478 313 2554 Quod
337 2483 433 2559 poeta
457 2477 585 2541 silentio
610 2477 800 2558 praeterisse
826 2477 958 2557 videtur,
983 2482 1096 2558 utpote
1119 2478 1175 2561 qui
1200 2483 1302 2542 totam
1326 2502 1391 2543 rem

222 2584 333 2668 paucis
367 2584 521 2649 absolvat.
579 2582 692 2668 Itaque
727 2585 931 2648 statuendum
969 2589 1017 2647 est
1049 2584 1164 2666 poetae
1196 2585 1302 2649 animo
1336 2587 1393 2650 ob-

223 2695 379 2754 versatam
414 2713 482 2755 esse
515 2691 657 2755 fabulam
691 2692 787 2755 talem
822 2691 947 2774 qualem
982 2690 1143 2772 copiosius
1173 2698 1308 2757 narrant
1338 2692 1392 2775 qui

221 2799 417 2878 praecedunt
441 2804 554 2879 poetae
578 2799 665 2862 velut
691 2797 964 2879 Euripides⁶)‚
989 2797 1214 2881 Ovidius²)‚
1239 2799 1329 2863 cuius
1353 2800 1391 2862 ad

298 2973 314 3036 ¹)
334 2977 402 3030 Aeh.
422 2977 433 3028 I
454 2976 486 3028 32
507 2993 583 3044 seqq.

297 3060 314 3126 ²)
334 3065 401 3119 Ach.
422 3066 445 3117 11
468 3066 501 3118 50
521 3083 597 3132 seqq.
664 3119 667 3124 .

296 3149 313 3216 ³)
325 3151 555 3220 παραγενομένη
574 3149 609 3203 (tlt
628 3151 711 3218 Ἔρις
729 3152 942 3220 εὐωχουμένων
961 3157 1020 3203 τῶν
1039 3153 1120 3204 ὕεῶν
1138 3153 1173 3204 ἐν
1192 3161 1251 3220 τοῖς
1269 3153 1394 3222 Πηλέως

221 3241 328 3307 γάμοις
345 3249 443 3306 νεῖκος
460 3241 528 3306 περὶ
548 3241 677 3306 κάλλους
694 3241 840 3308 ἐνίστησιν
858 3241 969 3308 Ἀθηνᾷ
989 3241 1068 3308 Ἥρᾳ
1089 3242 1134 3293 uui
1153 3239 1319 3310 'Appodlrp

294 3328 312 3392 ⁴)
332 3331 366 3384 cf.
388 3331 454 3384 Aeli.
475 3332 500 3383 11
520 3332 555 3384 50
568 3332 635 3384 -54.

294 3415 311 3480 ὕ1
332 3419 398 3474 Aah.
421 3420 445 3472 ll
465 3419 499 3472 58
519 3436 595 3486 seqq.

293 3504 311 3570 ⁰)
330 3508 364 3562 cf.
385 3507 474 3576 Iphig.
496 3508 587 3562 Aulid.
610 3509 678 3562 1300
697 3527 782 3576 seqq„
812 3509 984 3563 Γ1101111917
1005 3526 1091 3577 seqq,
1118 3510 1241 3590 Helenae
1261 3511 1295 3565 23
1314 3528 1390 3580 seqq.

294 3593 311 3659 'l
331 3597 443 3651 Heroid.
463 3598 527 3651 XVI
550 3598 600 3651 115
620 3616 715 3666 seqq:

414 3694 443 3739 ot
470 3686 555 3739 Venus
574 3689 622 3741 lroc
639 3694 719 3755 pacto
739 3695 776 3750 est
795 3694 819 3739 el
837 3691 867 3740 in
886 3690 958 3740 ailoe
976 3689 1094 3740 collibus
1113 3691 1178 3741 Idae

414 3782 469 3828 tres
489 3777 538 3828 tibi
556 3794 583 3828 se
602 3778 692 3829 nudus
711 3778 856 3829 exhibuere
874 3779 954 3829 deur:

414 3883 521 3933 unaque
539 3884 597 3918 cum
618 3883 739 3934 reprcunt,
759 3868 820 3919 belli
839 3867 917 3919 daret
936 3869 1024 3919 alteru
1043 3868 1159 3932 lotidem,

416 3956 606 4022 „Tyndaridis
624 3950 769 4021 eoniunu‘ss
789 3958 871 4008 lertio
890 3957 971 4023 dicit,
991 3950 1080 4022 ,μενίνα

418 4044 559 4109 Credere
578 4046 633 4096 uix
652 4047 798 4112 equidem
821 4046 945 4097 coelestia
964 4061 1081 4111 corpora
1095 4062 1230 4111 possum

414 4134 533 4185 arbitrio
550 4135 669 4198 foranum
688 4135 862 4200 subposuisse
880 4142 933 4188 luo.

418 4223 501 4289 litque
519 4225 555 4274 sil
574 4225 622 4276 lioc
641 4241 741 4290 rerum,
760 4231 830 4277 certe
847 4241 917 4291 pars
935 4226 1023 4276 allero
1040 4225 1103 4288 firlo
1124 4231 1168 4291 est,
1236 4269 1241 4275 .

412 4314 512 4364 iudicii
526 4315 647 4380 prelium
668 4330 719 4380 quo
740 4315 805 4364 alula
825 4315 974 4380 discrepo.
