3292 5034
715 463 931 526 -43-

302 660 362 724 His
386 660 417 723 in
443 659 602 744 angustiis
619 658 760 723 versanti
777 657 906 722 Thetidi
922 662 1161 739 peropportune
1178 659 1303 737 accidit,
1322 660 1406 742 quod

234 768 290 832 illc
308 767 358 832 die
375 767 504 832 Palladi
527 765 682 848 litoreoe¹)
702 767 819 829 festum
839 770 941 850 agunt
957 766 1042 829 filiae
1057 765 1253 848 Lycomedis,
1271 788 1405 849 quarum

232 876 330 959 longe
354 873 602 955 pulcherrimam
626 873 680 937 ubi
705 873 845 954 primurn
862 872 1029 953 conspexit
1046 873 1243 936 Deidamiam
1262 872 1406 937 Achilles

233 987 323 1046 tanto
351 983 463 1045 ardore
488 980 671 1045 incenditur
694 980 789 1059 visae,
813 984 850 1043 ut
873 979 969 1045 facile
993 980 1075 1044 dolis
1099 980 1212 1044 matris
1235 979 1406 1044 obsecutus

232 1089 265 1152 in
292 1088 447 1173 virginem
471 1112 490 1153 a
513 1093 616 1152 matre
640 1111 673 1152 se
698 1087 815 1178 mutari
839 1088 993 1170 patiatur,
1017 1088 1090 1151 dum
1109 1089 1203 1152 modo
1220 1087 1405 1152 Deidamiae

232 1196 463 1260 consuetudine
487 1220 603 1261 usurus
628 1197 679 1262 sit.

299 1304 369 1380 Quo
399 1304 485 1367 facto
517 1309 619 1368 mater
648 1304 748 1369 filium
783 1303 921 1388 virginis
951 1302 1066 1367 habitu
1097 1304 1177 1367 bene
1208 1303 1404 1367 occultatum

231 1411 402 1496 Lycomedi
433 1411 533 1474 tradit
563 1434 621 1492 pro
651 1411 758 1492 puella
783 1412 868 1476 inter
891 1410 993 1492 ipsius
1015 1411 1099 1474 filias
1122 1409 1314 1474 feminarum
1339 1410 1404 1474 ritu

232 1519 443 1596 educandum,
477 1524 658 1583 commenta
691 1540 761 1582 eam
795 1541 864 1583 esse
897 1540 1084 1603 germanam
1118 1517 1301 1599 Achillis.2)
1347 1517 1404 1582 Nil

231 1626 412 1707 suspicatus
451 1627 645 1710 Lycomedes
692 1626 874 1691 simulatam
915 1625 1033 1707 accipit
1072 1625 1229 1710 virginem
1269 1630 1301 1689 et
1339 1625 1405 1690 suis

231 1737 391 1818 aggregat
406 1732 532 1814 puellis,
546 1756 627 1816 quae
644 1733 748 1816 primo
761 1734 850 1798 velut
867 1756 941 1797 aves
956 1735 1109 1798 advenam
1127 1733 1237 1796 timide
1251 1733 1405 1796 mirantes

230 1839 376 1925 fugiunt,
410 1863 483 1904 mox
512 1863 587 1905 vero
619 1840 752 1923 propius
783 1842 939 1906 accedunt
969 1845 1002 1904 et
1033 1841 1119 1905 omni
1151 1840 1266 1905 timore
1296 1839 1402 1920 posito

213 1949 369 2012 ¹sodalem
401 1946 463 2011 sibi
492 1947 682 2032 adiungunt.
730 1947 799 2024 Quo
825 1953 941 2012 eventu
965 1947 1141 2012 laetissima
1164 1947 1278 2012 Thetis
1300 1947 1402 2011 filium

229 2060 400 2138 postquam
431 2054 548 2119 iterum
577 2055 757 2138 iterumque
781 2054 920 2134 monuit,
952 2077 991 2118 ne
1015 2056 1106 2119 dolos
1129 2056 1210 2118 bene
1234 2053 1403 2118 institutos

230 2163 384 2244 aperiret,
419 2163 521 2226 solum
555 2162 710 2246 relinquit
742 2162 776 2226 in
807 2162 907 2247 Scyro
943 2168 975 2227 et
1008 2164 1047 2226 ad
1081 2161 1236 2226 Nereidas
1268 2162 1403 2225 abnatat

229 2291 354 2334 sorores
385 2269 548 2333 silentium
581 2273 752 2353 postquam
785 2269 939 2351 imposuit
962 2269 1085 2334 insulae
1109 2276 1142 2334 et
1165 2268 1301 2354 'gloriam
1325 2291 1402 2350 pro-

228 2377 317 2441 misit
341 2381 513 2441 aeternam.

295 2485 399 2549 Matre
412 2484 556 2570 digressa
567 2484 709 2549 Achilles
726 2485 813 2548 omni
826 2486 934 2550 statim
948 2485 1071 2565 pudore
1082 2485 1189 2567 posito
1202 2485 1402 2549 Deidamiam

228 2597 370 2657 sectatur
401 2597 538 2656 amatam
569 2592 684 2656 ceteris
708 2593 865 2679 neglectis
891 2592 985 2674 plane
1008 2592 1181 2660 sororibus.
1228 2592 1316 2669 Quae
1340 2593 1402 2656 etsi

228 2699 338 2764 statim
354 2699 518 2780 perspexit
531 2699 675 2764 Thetidis
688 2700 796 2765 dolum
814 2722 918 2783 neque
931 2700 1063 2785 ignorat
1077 2699 1236 2764 Achillem
1253 2699 1399 2763 iuvenem

227 2829 399 2892 germanae
430 2807 535 2888 specie
564 2807 736 2886 occultari,
769 2813 876 2872 tamen
900 2830 967 2871 rem
993 2807 1115 2888 cetam)
1162 2807 1281 2889 Lepide
1304 2812 1401 2889 poeta

228 2936 366 2977 amorem
403 2914 541 2978 Achillis
580 2919 612 2978 et
648 2915 833 2979 Deidamiae
869 2915 975 2979 subito
1015 2918 1162 2978 exortum
1198 2919 1230 2978 et
1265 2914 1298 2977 in
1333 2915 1400 2978 dies

227 3026 420 3085 crescentem
445 3021 592 3106 depingit
616 3022 760 3100 versibus
778 3025 962 3103 564-587,
986 3027 1023 3087 ut
1039 3022 1183 3086 Achilles
1200 3022 1399 3086 Deidamiam

227 3133 367 3192 sectetur
397 3128 498 3193 oculis
531 3134 563 3193 et
593 3129 727 3210 pedibus
760 3135 792 3194 et
826 3130 992 3195 Deidamia
1022 3129 1130 3195 omnia
1160 3129 1305 3211 patiatur
1335 3152 1400 3194 non

302 3339 318 3405 ¹)
338 3344 350 3395 Ι
370 3343 430 3397 285.

301 3428 317 3494 'J
337 3433 441 3487 Achilli
453 3451 550 3488 revera
564 3452 686 3489 sororem
700 3433 785 3490 fuisse
800 3436 1023 3497 Polydoram
1036 3435 1169 3504 Sperchio
1182 3435 1267 3489 fluvio
1280 3438 1398 3504 nuptam

226 3521 315 3576 tradit
334 3522 471 3577 Homerus
491 3522 522 3573 ll
540 3523 598 3588 175,
619 3525 653 3578 cf.
673 3525 801 3580 Straton.
822 3524 870 3579 lib.
892 3525 930 3578 lX
950 3542 1009 3593 cap,
1029 3527 1045 3578 5
1065 3524 1080 3588 ἓ
1100 3526 1125 3578 9.

300 3606 318 3674 ⁸)
337 3611 372 3664 cf.
392 3613 403 3664 Ι
423 3612 475 3665 562
495 3630 587 3680 seqq.:

688 3710 796 3770 opertae
815 3707 923 3756 conscia
941 3706 1037 3770 culinae

437 3799 532 3844 cuncta
546 3799 627 3858 pavet
646 3795 793 3860 tacitasque
806 3800 890 3860 putot
907 3796 1008 3846 sentire
1026 3810 1143 3846 sorores.

225 3884 254 3934 et
271 3878 377 3935 ibidem
397 3879 536 3934 583-87:

436 3973 671 4038 coaequationem
690 3975 849 4040 pondusque
868 3975 990 4039 tenentia,

439 4063 559 4128 qreodque
576 4062 648 4128 sapit
667 4065 782 4128 comites,
801 4066 888 4116 nimio
907 4066 978 4130 quod
996 4066 1098 4116 tarnim
1116 4081 1172 4116 aeae

437 4152 502 4217 figat
521 4157 544 4202 et
562 4153 593 4202 in
611 4153 700 4204 verbis
718 4155 920 4219 intempestivus
939 4155 1052 4220 anhelet,

437 4242 602 4292 miratur:
620 4243 675 4293 iam
695 4243 803 4308 iamque
822 4244 897 4294 dolos
916 4245 1026 4310 aperire
1042 4249 1187 4309 parantem

436 4332 559 4396 cirpinea
579 4333 684 4382 levitate
700 4332 773 4398 fupit
787 4333 965 4400 prohibetque
980 4333 1075 4397 fateri.
