<?xml version="1.0" encoding="UTF-8"?>
<!DOCTYPE html PUBLIC "-//W3C//DTD XHTML 1.0 Transitional//EN"
    "http://www.w3.org/TR/xhtml1/DTD/xhtml1-transitional.dtd">
<html xmlns="http://www.w3.org/1999/xhtml" xml:lang="en" lang="en">
 <head>
  <title>
</title>
<meta http-equiv="Content-Type" content="text/html;charset=utf-8" />
  <meta name='ocr-system' content='tesseract 3.04.00' />
  <meta name='ocr-capabilities' content='ocr_page ocr_carea ocr_par ocr_line ocrx_word'/>
</head>
<body>
  <div class='ocr_page' id='page_1' title='image "./ppapiniusstatiu00kuergoog_0061.png"; bbox 0 0 3292 5034; ppageno 0'>
   <div class='ocr_carea' id='block_1_1' title="bbox 713 465 931 527">
    <p class='ocr_par' dir='ltr' id='par_1_1' title="bbox 713 465 931 527">
     <span class='ocr_line' id='line_1_1' title="bbox 713 465 931 527; baseline 0 -17"><span class='ocrx_word' id='word_1_1' title='bbox 713 465 931 527; x_wconf 62' lang='lat'>„55-</span> 
     </span>
    </p>
   </div>
   <div class='ocr_carea' id='block_1_2' title="bbox 237 656 1412 2349">
    <p class='ocr_par' dir='ltr' id='par_1_2' title="bbox 237 656 1411 1921">
     <span class='ocr_line' id='line_1_2' title="bbox 239 656 1410 744; baseline -0.002 -22"><span class='ocrx_word' id='word_1_2' title='bbox 239 659 434 724; x_wconf 89' lang='lat' dir='ltr'>exorituram</span> <span class='ocrx_word' id='word_1_3' title='bbox 460 681 569 723; x_wconf 92' lang='lat' dir='ltr'>amens</span> <span class='ocrx_word' id='word_1_4' title='bbox 586 659 654 722; x_wconf 87' lang='lat' dir='ltr'>sola</span> <span class='ocrx_word' id='word_1_5' title='bbox 670 658 858 744; x_wconf 88' lang='lat' dir='ltr'>aufugerat;</span> <span class='ocrx_word' id='word_1_6' title='bbox 884 657 974 722; x_wconf 91' lang='lat' dir='ltr'>cuius</span> <span class='ocrx_word' id='word_1_7' title='bbox 990 656 1113 743; x_wconf 89' lang='lat' dir='ltr'>gemitu</span> <span class='ocrx_word' id='word_1_8' title='bbox 1132 663 1165 722; x_wconf 91' lang='lat' dir='ltr'>et</span> <span class='ocrx_word' id='word_1_9' title='bbox 1179 657 1410 722; x_wconf 80' lang='lat' dir='ltr'>lamentatione</span> 
     </span>
     <span class='ocr_line' id='line_1_3' title="bbox 238 753 1410 848; baseline -0.001 -20"><span class='ocrx_word' id='word_1_10' title='bbox 238 764 374 829; x_wconf 91' lang='lat' dir='ltr'>Achillis</span> <span class='ocrx_word' id='word_1_11' title='bbox 405 767 499 830; x_wconf 89' lang='lat' dir='ltr'>ardor</span> <span class='ocrx_word' id='word_1_12' title='bbox 529 764 675 830; x_wconf 86' lang='lat' dir='ltr'>mollitur</span> <span class='ocrx_word' id='word_1_13' title='bbox 704 768 735 829; x_wconf 91' lang='lat' dir='ltr'>et</span> <span class='ocrx_word' id='word_1_14' title='bbox 759 764 857 830; x_wconf 89' lang='lat' dir='ltr'>armis</span> <span class='ocrx_word' id='word_1_15' title='bbox 880 763 1024 828; x_wconf 92' lang='lat' dir='ltr'>demissis</span> <span class='ocrx_word' id='word_1_16' title='bbox 1046 765 1257 848; x_wconf 83' lang='lat' dir='ltr'>Lycomedem</span> <span class='ocrx_word' id='word_1_17' title='bbox 1272 753 1410 829; x_wconf 79' lang='lat' dir='ltr'>&#39;adfatus</span> 
     </span>
     <span class='ocr_line' id='line_1_4' title="bbox 238 871 1409 956; baseline -0.002 -20"><span class='ocrx_word' id='word_1_18' title='bbox 238 872 413 937; x_wconf 88' lang='lat' dir='ltr'>attonitum</span> <span class='ocrx_word' id='word_1_19' title='bbox 438 873 545 937; x_wconf 87' lang='lat' dir='ltr'>omnia</span> <span class='ocrx_word' id='word_1_20' title='bbox 568 873 689 937; x_wconf 88' lang='lat' dir='ltr'>fatetur</span> <span class='ocrx_word' id='word_1_21' title='bbox 714 876 745 936; x_wconf 92' lang='lat' dir='ltr'>et</span> <span class='ocrx_word' id='word_1_22' title='bbox 769 871 969 936; x_wconf 89' lang='lat' dir='ltr'>Deidamiam</span> <span class='ocrx_word' id='word_1_23' title='bbox 993 871 1160 956; x_wconf 86' lang='lat' dir='ltr'>coniugem</span> <span class='ocrx_word' id='word_1_24' title='bbox 1186 871 1269 953; x_wconf 90' lang='lat' dir='ltr'>petit</span> <span class='ocrx_word' id='word_1_25' title='bbox 1285 871 1409 956; x_wconf 89' lang='lat' dir='ltr'>Pyrrho</span> 
     </span>
     <span class='ocr_line' id='line_1_5' title="bbox 237 977 1410 1063; baseline 0 -21"><span class='ocrx_word' id='word_1_26' title='bbox 237 982 425 1044; x_wconf 88' lang='lat' dir='ltr'>monstrate.</span> <span class='ocrx_word' id='word_1_27' title='bbox 472 979 666 1063; x_wconf 83' lang='lat' dir='ltr'>Lycomedes</span> <span class='ocrx_word' id='word_1_28' title='bbox 690 979 782 1043; x_wconf 83' lang='lat' dir='ltr'>valde</span> <span class='ocrx_word' id='word_1_29' title='bbox 810 978 913 1043; x_wconf 89' lang='lat' dir='ltr'>iratus</span> <span class='ocrx_word' id='word_1_30' title='bbox 936 978 978 1042; x_wconf 91' lang='lat' dir='ltr'>ob</span> <span class='ocrx_word' id='word_1_31' title='bbox 1002 982 1126 1042; x_wconf 89' lang='lat' dir='ltr'>tantam</span> <span class='ocrx_word' id='word_1_32' title='bbox 1150 977 1301 1042; x_wconf 90' lang='lat' dir='ltr'>iniuriam</span> <span class='ocrx_word' id='word_1_33' title='bbox 1324 978 1410 1042; x_wconf 87' lang='lat' dir='ltr'>filiae</span> 
     </span>
     <span class='ocr_line' id='line_1_6' title="bbox 238 1085 1408 1168; baseline -0.002 -18"><span class='ocrx_word' id='word_1_34' title='bbox 238 1087 369 1151; x_wconf 91' lang='lat' dir='ltr'>allatam</span> <span class='ocrx_word' id='word_1_35' title='bbox 403 1091 435 1151; x_wconf 92' lang='lat' dir='ltr'>et</span> <span class='ocrx_word' id='word_1_36' title='bbox 468 1110 589 1151; x_wconf 92' lang='lat' dir='ltr'>memor</span> <span class='ocrx_word' id='word_1_37' title='bbox 622 1085 770 1168; x_wconf 84' lang='lat' dir='ltr'>promissi</span> <span class='ocrx_word' id='word_1_38' title='bbox 804 1085 881 1150; x_wconf 92' lang='lat' dir='ltr'>olim</span> <span class='ocrx_word' id='word_1_39' title='bbox 905 1085 1035 1149; x_wconf 80' lang='lat' dir='ltr'>Thetidi</span> <span class='ocrx_word' id='word_1_40' title='bbox 1069 1085 1148 1162; x_wconf 93' lang='lat' dir='ltr'>dati,</span> <span class='ocrx_word' id='word_1_41' title='bbox 1181 1085 1241 1150; x_wconf 65' lang='lat' dir='ltr'>emi</span> <span class='ocrx_word' id='word_1_42' title='bbox 1270 1086 1408 1167; x_wconf 91' lang='lat' dir='ltr'>primum</span> 
     </span>
     <span class='ocr_line' id='line_1_7' title="bbox 238 1190 1410 1276; baseline -0.001 -19"><span class='ocrx_word' id='word_1_43' title='bbox 238 1194 350 1258; x_wconf 85' lang='lat' dir='ltr'>haeret</span> <span class='ocrx_word' id='word_1_44' title='bbox 373 1199 405 1257; x_wconf 90' lang='lat' dir='ltr'>et</span> <span class='ocrx_word' id='word_1_45' title='bbox 428 1193 620 1276; x_wconf 89' lang='lat' dir='ltr'>supplicium</span> <span class='ocrx_word' id='word_1_46' title='bbox 645 1193 794 1273; x_wconf 86' lang='lat' dir='ltr'>minatur,</span> <span class='ocrx_word' id='word_1_47' title='bbox 819 1199 925 1257; x_wconf 89' lang='lat' dir='ltr'>tamen</span> <span class='ocrx_word' id='word_1_48' title='bbox 943 1191 1092 1274; x_wconf 83' lang='lat' dir='ltr'>precibus</span> <span class='ocrx_word' id='word_1_49' title='bbox 1110 1190 1215 1256; x_wconf 87' lang='lat' dir='ltr'>Ulixis</span> <span class='ocrx_word' id='word_1_50' title='bbox 1231 1197 1410 1256; x_wconf 88' lang='lat' dir='ltr'>commotus</span> 
     </span>
     <span class='ocr_line' id='line_1_8' title="bbox 239 1285 1411 1380; baseline -0.002 -16"><span class='ocrx_word' id='word_1_51' title='bbox 239 1304 271 1365; x_wconf 91' lang='lat' dir='ltr'>et</span> <span class='ocrx_word' id='word_1_52' title='bbox 294 1300 371 1365; x_wconf 84' lang='lat' dir='ltr'>fatis</span> <span class='ocrx_word' id='word_1_53' title='bbox 394 1300 549 1365; x_wconf 90' lang='lat' dir='ltr'>obsistere</span> <span class='ocrx_word' id='word_1_54' title='bbox 572 1300 694 1365; x_wconf 88' lang='lat' dir='ltr'>veritus</span> <span class='ocrx_word' id='word_1_55' title='bbox 719 1300 877 1364; x_wconf 86' lang='lat' dir='ltr'>Achillem</span> <span class='ocrx_word' id='word_1_56' title='bbox 902 1299 1032 1363; x_wconf 80' lang='lat' dir='ltr'>Troiam</span> <span class='ocrx_word' id='word_1_57' title='bbox 1055 1298 1216 1380; x_wconf 90' lang='lat' dir='ltr'>proficisci</span> <span class='ocrx_word' id='word_1_58' title='bbox 1239 1304 1272 1363; x_wconf 95' lang='lat' dir='ltr'>et</span> <span class='ocrx_word' id='word_1_59' title='bbox 1293 1285 1411 1363; x_wconf 87' lang='lat' dir='ltr'>Deida-</span> 
     </span>
     <span class='ocr_line' id='line_1_9' title="bbox 238 1405 1411 1493; baseline -0.003 -21"><span class='ocrx_word' id='word_1_60' title='bbox 238 1407 334 1472; x_wconf 90' lang='lat' dir='ltr'>miam</span> <span class='ocrx_word' id='word_1_61' title='bbox 359 1408 526 1493; x_wconf 89' lang='lat' dir='ltr'>coniugem</span> <span class='ocrx_word' id='word_1_62' title='bbox 550 1409 664 1472; x_wconf 85' lang='lat' dir='ltr'>ducere</span> <span class='ocrx_word' id='word_1_63' title='bbox 680 1409 811 1490; x_wconf 91' lang='lat' dir='ltr'>patitur.</span> <span class='ocrx_word' id='word_1_64' title='bbox 852 1407 922 1483; x_wconf 77' lang='lat' dir='ltr'>Quo</span> <span class='ocrx_word' id='word_1_65' title='bbox 938 1407 1025 1471; x_wconf 84' lang='lat' dir='ltr'>facto</span> <span class='ocrx_word' id='word_1_66' title='bbox 1041 1406 1156 1471; x_wconf 86' lang='lat' dir='ltr'>Peleus</span> <span class='ocrx_word' id='word_1_67' title='bbox 1172 1405 1291 1470; x_wconf 90' lang='lat' dir='ltr'>certior</span> <span class='ocrx_word' id='word_1_68' title='bbox 1306 1406 1411 1469; x_wconf 87' lang='lat' dir='ltr'>factus</span> 
     </span>
     <span class='ocr_line' id='line_1_10' title="bbox 239 1513 1411 1598; baseline -0.002 -20"><span class='ocrx_word' id='word_1_69' title='bbox 239 1537 335 1578; x_wconf 84' lang='lat' dir='ltr'>naves</span> <span class='ocrx_word' id='word_1_70' title='bbox 367 1519 399 1579; x_wconf 91' lang='lat' dir='ltr'>et</span> <span class='ocrx_word' id='word_1_71' title='bbox 430 1515 538 1596; x_wconf 87' lang='lat' dir='ltr'>copias</span> <span class='ocrx_word' id='word_1_72' title='bbox 569 1515 697 1579; x_wconf 92' lang='lat' dir='ltr'>mittere</span> <span class='ocrx_word' id='word_1_73' title='bbox 721 1515 865 1593; x_wconf 92' lang='lat' dir='ltr'>iubetur,</span> <span class='ocrx_word' id='word_1_74' title='bbox 895 1515 1091 1598; x_wconf 87' lang='lat' dir='ltr'>Lycomedes</span> <span class='ocrx_word' id='word_1_75' title='bbox 1120 1513 1188 1594; x_wconf 91' lang='lat' dir='ltr'>ipse</span> <span class='ocrx_word' id='word_1_76' title='bbox 1212 1514 1290 1577; x_wconf 92' lang='lat' dir='ltr'>duas</span> <span class='ocrx_word' id='word_1_77' title='bbox 1314 1535 1411 1576; x_wconf 85' lang='lat' dir='ltr'>naves</span> 
     </span>
     <span class='ocr_line' id='line_1_11' title="bbox 240 1619 1411 1706; baseline -0.003 -20"><span class='ocrx_word' id='word_1_78' title='bbox 240 1622 414 1706; x_wconf 87' lang='lat' dir='ltr'>adiungere</span> <span class='ocrx_word' id='word_1_79' title='bbox 437 1626 570 1703; x_wconf 87' lang='lat' dir='ltr'>paratus</span> <span class='ocrx_word' id='word_1_80' title='bbox 594 1626 651 1701; x_wconf 90' lang='lat' dir='ltr'>est,</span> <span class='ocrx_word' id='word_1_81' title='bbox 675 1626 707 1686; x_wconf 91' lang='lat' dir='ltr'>et</span> <span class='ocrx_word' id='word_1_82' title='bbox 731 1626 823 1686; x_wconf 91' lang='lat' dir='ltr'>nocte</span> <span class='ocrx_word' id='word_1_83' title='bbox 848 1625 979 1703; x_wconf 87' lang='lat' dir='ltr'>peracta</span> <span class='ocrx_word' id='word_1_84' title='bbox 1000 1620 1155 1703; x_wconf 88' lang='lat' dir='ltr'>postridie</span> <span class='ocrx_word' id='word_1_85' title='bbox 1170 1619 1316 1684; x_wconf 92' lang='lat' dir='ltr'>Achilles</span> <span class='ocrx_word' id='word_1_86' title='bbox 1339 1643 1411 1684; x_wconf 90' lang='lat' dir='ltr'>cum</span> 
     </span>
     <span class='ocr_line' id='line_1_12' title="bbox 239 1726 1411 1811; baseline -0.003 -17"><span class='ocrx_word' id='word_1_87' title='bbox 239 1728 334 1794; x_wconf 85' lang='lat' dir='ltr'>Ulixe</span> <span class='ocrx_word' id='word_1_88' title='bbox 367 1734 399 1793; x_wconf 92' lang='lat' dir='ltr'>et</span> <span class='ocrx_word' id='word_1_89' title='bbox 431 1729 584 1794; x_wconf 88' lang='lat' dir='ltr'>Diomede</span> <span class='ocrx_word' id='word_1_90' title='bbox 615 1731 655 1794; x_wconf 91' lang='lat' dir='ltr'>ad</span> <span class='ocrx_word' id='word_1_91' title='bbox 688 1729 862 1794; x_wconf 87' lang='lat' dir='ltr'>exereitum</span> <span class='ocrx_word' id='word_1_92' title='bbox 894 1728 1109 1811; x_wconf 87' lang='lat' dir='ltr'>proficiscitur</span> <span class='ocrx_word' id='word_1_93' title='bbox 1140 1726 1307 1791; x_wconf 90' lang='lat' dir='ltr'>Deidamia</span> <span class='ocrx_word' id='word_1_94' title='bbox 1339 1749 1411 1790; x_wconf 91' lang='lat' dir='ltr'>cum</span> 
     </span>
     <span class='ocr_line' id='line_1_13' title="bbox 240 1836 825 1921; baseline 0.002 -21"><span class='ocrx_word' id='word_1_95' title='bbox 240 1836 365 1920; x_wconf 92' lang='lat' dir='ltr'>Pyrrho</span> <span class='ocrx_word' id='word_1_96' title='bbox 389 1836 421 1901; x_wconf 95' lang='lat' dir='ltr'>in</span> <span class='ocrx_word' id='word_1_97' title='bbox 447 1836 546 1921; x_wconf 86' lang='lat' dir='ltr'>Scyro</span> <span class='ocrx_word' id='word_1_98' title='bbox 574 1837 680 1902; x_wconf 93' lang='lat' dir='ltr'>insula</span> <span class='ocrx_word' id='word_1_99' title='bbox 702 1836 825 1901; x_wconf 89' lang='lat' dir='ltr'>relicta.</span> 
     </span>
    </p>

    <p class='ocr_par' dir='ltr' id='par_1_3' title="bbox 239 1941 1412 2349">
     <span class='ocr_line' id='line_1_14' title="bbox 306 1941 1412 2028; baseline -0.004 -20"><span class='ocrx_word' id='word_1_100' title='bbox 306 1944 397 2008; x_wconf 92' lang='lat' dir='ltr'>Haec</span> <span class='ocrx_word' id='word_1_101' title='bbox 428 1944 555 2028; x_wconf 93' lang='lat' dir='ltr'>quidem</span> <span class='ocrx_word' id='word_1_102' title='bbox 586 1943 760 2009; x_wconf 82' lang='lat' dir='ltr'>Statius.</span> <span class='ocrx_word' id='word_1_103' title='bbox 816 1942 884 2008; x_wconf 90' lang='lat' dir='ltr'>Iam</span> <span class='ocrx_word' id='word_1_104' title='bbox 915 1948 1061 2006; x_wconf 89' lang='lat' dir='ltr'>nostrum</span> <span class='ocrx_word' id='word_1_105' title='bbox 1090 1945 1139 2006; x_wconf 91' lang='lat' dir='ltr'>est</span> <span class='ocrx_word' id='word_1_106' title='bbox 1169 1941 1203 2004; x_wconf 90' lang='lat' dir='ltr'>in</span> <span class='ocrx_word' id='word_1_107' title='bbox 1233 1941 1412 2026; x_wconf 87' lang='lat' dir='ltr'>singularia</span> 
     </span>
     <span class='ocr_line' id='line_1_15' title="bbox 240 2048 1411 2136; baseline -0.004 -20"><span class='ocrx_word' id='word_1_108' title='bbox 240 2051 403 2136; x_wconf 89' lang='lat' dir='ltr'>inquirere</span> <span class='ocrx_word' id='word_1_109' title='bbox 425 2051 485 2126; x_wconf 89' lang='lat' dir='ltr'>ita,</span> <span class='ocrx_word' id='word_1_110' title='bbox 516 2055 552 2115; x_wconf 92' lang='lat' dir='ltr'>ut</span> <span class='ocrx_word' id='word_1_111' title='bbox 576 2074 682 2115; x_wconf 90' lang='lat' dir='ltr'>rerum</span> <span class='ocrx_word' id='word_1_112' title='bbox 707 2051 851 2116; x_wconf 91' lang='lat' dir='ltr'>ordinem</span> <span class='ocrx_word' id='word_1_113' title='bbox 875 2049 977 2114; x_wconf 88' lang='lat' dir='ltr'>secuti</span> <span class='ocrx_word' id='word_1_114' title='bbox 1004 2053 1184 2113; x_wconf 85' lang='lat' dir='ltr'>statuamus</span> <span class='ocrx_word' id='word_1_115' title='bbox 1208 2054 1240 2112; x_wconf 91' lang='lat' dir='ltr'>et</span> <span class='ocrx_word' id='word_1_116' title='bbox 1263 2069 1345 2132; x_wconf 91' lang='lat' dir='ltr'>quae</span> <span class='ocrx_word' id='word_1_117' title='bbox 1372 2048 1411 2111; x_wconf 90' lang='lat' dir='ltr'>ad</span> 
     </span>
     <span class='ocr_line' id='line_1_16' title="bbox 241 2155 1410 2241; baseline -0.007 -16"><span class='ocrx_word' id='word_1_118' title='bbox 241 2163 344 2225; x_wconf 87' lang='lat' dir='ltr'>certos</span> <span class='ocrx_word' id='word_1_119' title='bbox 375 2158 481 2222; x_wconf 86' lang='lat' dir='ltr'>fontes</span> <span class='ocrx_word' id='word_1_120' title='bbox 514 2157 640 2240; x_wconf 90' lang='lat' dir='ltr'>possint</span> <span class='ocrx_word' id='word_1_121' title='bbox 663 2157 771 2222; x_wconf 91' lang='lat' dir='ltr'>reduci</span> <span class='ocrx_word' id='word_1_122' title='bbox 796 2162 829 2222; x_wconf 95' lang='lat' dir='ltr'>et</span> <span class='ocrx_word' id='word_1_123' title='bbox 851 2179 933 2241; x_wconf 88' lang='lat' dir='ltr'>quae</span> <span class='ocrx_word' id='word_1_124' title='bbox 956 2155 1074 2221; x_wconf 90' lang='lat' dir='ltr'>similia</span> <span class='ocrx_word' id='word_1_125' title='bbox 1097 2155 1304 2219; x_wconf 86' lang='lat' dir='ltr'>inveniantur</span> <span class='ocrx_word' id='word_1_126' title='bbox 1327 2155 1410 2235; x_wconf 89' lang='lat' dir='ltr'>apud</span> 
     </span>
     <span class='ocr_line' id='line_1_17' title="bbox 239 2262 1412 2349; baseline -0.006 -17"><span class='ocrx_word' id='word_1_127' title='bbox 239 2270 351 2349; x_wconf 92' lang='lat' dir='ltr'>poetas</span> <span class='ocrx_word' id='word_1_128' title='bbox 382 2270 414 2330; x_wconf 91' lang='lat' dir='ltr'>et</span> <span class='ocrx_word' id='word_1_129' title='bbox 442 2287 548 2330; x_wconf 87' lang='lat' dir='ltr'>rerum</span> <span class='ocrx_word' id='word_1_130' title='bbox 579 2265 760 2347; x_wconf 85' lang='lat' dir='ltr'>scriptores,</span> <span class='ocrx_word' id='word_1_131' title='bbox 785 2286 921 2348; x_wconf 92' lang='lat' dir='ltr'>quorum</span> <span class='ocrx_word' id='word_1_132' title='bbox 953 2263 1098 2343; x_wconf 88' lang='lat' dir='ltr'>exempla</span> <span class='ocrx_word' id='word_1_133' title='bbox 1121 2262 1183 2326; x_wconf 90' lang='lat' dir='ltr'>sibi</span> <span class='ocrx_word' id='word_1_134' title='bbox 1206 2262 1412 2343; x_wconf 89' lang='lat' dir='ltr'>proposuisse</span> 
     </span>
    </p>
   </div>
   <div class='ocr_carea' id='block_1_3' title="bbox 135 2369 1412 2455">
    <p class='ocr_par' dir='ltr' id='par_1_4' title="bbox 135 2369 1412 2455">
     <span class='ocr_line' id='line_1_18' title="bbox 135 2369 1412 2455; baseline -0.005 -16"><span class='ocrx_word' id='word_1_135' title='bbox 135 2420 136 2424; x_wconf 53' lang='lat'><em>=</em></span> <span class='ocrx_word' id='word_1_136' title='bbox 240 2373 396 2438; x_wconf 90' lang='lat' dir='ltr'>imitanda</span> <span class='ocrx_word' id='word_1_137' title='bbox 420 2372 557 2438; x_wconf 87' lang='lat' dir='ltr'>Statium</span> <span class='ocrx_word' id='word_1_138' title='bbox 584 2372 755 2437; x_wconf 90' lang='lat' dir='ltr'>verisimile</span> <span class='ocrx_word' id='word_1_139' title='bbox 787 2375 850 2452; x_wconf 90' lang='lat' dir='ltr'>est,</span> <span class='ocrx_word' id='word_1_140' title='bbox 882 2376 914 2436; x_wconf 91' lang='lat' dir='ltr'>et</span> <span class='ocrx_word' id='word_1_141' title='bbox 937 2393 1018 2455; x_wconf 93' lang='lat' dir='ltr'>quae</span> <span class='ocrx_word' id='word_1_142' title='bbox 1042 2393 1099 2434; x_wconf 91' lang='lat' dir='ltr'>suo</span> <span class='ocrx_word' id='word_1_143' title='bbox 1123 2369 1254 2454; x_wconf 88' lang='lat' dir='ltr'>ingenio</span> <span class='ocrx_word' id='word_1_144' title='bbox 1287 2374 1319 2432; x_wconf 91' lang='lat' dir='ltr'>et</span> <span class='ocrx_word' id='word_1_145' title='bbox 1343 2373 1412 2432; x_wconf 91' lang='lat' dir='ltr'>arte</span> 
     </span>
    </p>
   </div>
   <div class='ocr_carea' id='block_1_4' title="bbox 240 2479 1416 4062">
    <p class='ocr_par' dir='ltr' id='par_1_5' title="bbox 240 2479 839 2567">
     <span class='ocr_line' id='line_1_19' title="bbox 240 2479 839 2567; baseline 0.002 -22"><span class='ocrx_word' id='word_1_146' title='bbox 240 2481 384 2567; x_wconf 89' lang='lat' dir='ltr'>fingendi</span> <span class='ocrx_word' id='word_1_147' title='bbox 407 2501 542 2544; x_wconf 84' lang='lat' dir='ltr'>novasse</span> <span class='ocrx_word' id='word_1_148' title='bbox 565 2479 712 2544; x_wconf 86' lang='lat' dir='ltr'>videatur</span> <span class='ocrx_word' id='word_1_149' title='bbox 735 2483 839 2561; x_wconf 90' lang='lat' dir='ltr'>poeta.</span> 
     </span>
    </p>

    <p class='ocr_par' dir='ltr' id='par_1_6' title="bbox 241 2583 1416 4062">
     <span class='ocr_line' id='line_1_20' title="bbox 309 2583 1413 2670; baseline -0.005 -19"><span class='ocrx_word' id='word_1_150' title='bbox 309 2589 355 2653; x_wconf 90' lang='lat' dir='ltr'>Ac</span> <span class='ocrx_word' id='word_1_151' title='bbox 379 2587 518 2669; x_wconf 91' lang='lat' dir='ltr'>primum</span> <span class='ocrx_word' id='word_1_152' title='bbox 542 2587 670 2670; x_wconf 89' lang='lat' dir='ltr'>quidem</span> <span class='ocrx_word' id='word_1_153' title='bbox 695 2588 732 2651; x_wconf 92' lang='lat' dir='ltr'>de</span> <span class='ocrx_word' id='word_1_154' title='bbox 756 2586 869 2650; x_wconf 91' lang='lat' dir='ltr'>bello</span> <span class='ocrx_word' id='word_1_155' title='bbox 900 2610 919 2650; x_wconf 89' lang='lat' dir='ltr'>a</span> <span class='ocrx_word' id='word_1_156' title='bbox 942 2584 1072 2650; x_wconf 82' lang='lat' dir='ltr'>Graecis</span> <span class='ocrx_word' id='word_1_157' title='bbox 1097 2590 1211 2664; x_wconf 89' lang='lat' dir='ltr'>parato</span> <span class='ocrx_word' id='word_1_158' title='bbox 1244 2588 1280 2647; x_wconf 92' lang='lat' dir='ltr'>ut</span> <span class='ocrx_word' id='word_1_159' title='bbox 1302 2583 1413 2665; x_wconf 89' lang='lat' dir='ltr'>paucis</span> 
     </span>
     <span class='ocr_line' id='line_1_21' title="bbox 241 2690 1413 2779; baseline -0.006 -19"><span class='ocrx_word' id='word_1_160' title='bbox 241 2717 452 2779; x_wconf 88' lang='lat' dir='ltr'>exponamus,</span> <span class='ocrx_word' id='word_1_161' title='bbox 483 2693 606 2758; x_wconf 87' lang='lat' dir='ltr'>Statius</span> <span class='ocrx_word' id='word_1_162' title='bbox 636 2693 670 2757; x_wconf 92' lang='lat' dir='ltr'>in</span> <span class='ocrx_word' id='word_1_163' title='bbox 694 2693 847 2778; x_wconf 89' lang='lat' dir='ltr'>gentibus</span> <span class='ocrx_word' id='word_1_164' title='bbox 873 2698 905 2756; x_wconf 90' lang='lat' dir='ltr'>et</span> <span class='ocrx_word' id='word_1_165' title='bbox 928 2691 1021 2776; x_wconf 83' lang='lat' dir='ltr'>pagis</span> <span class='ocrx_word' id='word_1_166' title='bbox 1045 2690 1269 2755; x_wconf 87' lang='lat' dir='ltr'>enumerandis</span> <span class='ocrx_word' id='word_1_167' title='bbox 1293 2713 1358 2754; x_wconf 90' lang='lat' dir='ltr'>non</span> <span class='ocrx_word' id='word_1_168' title='bbox 1382 2690 1413 2753; x_wconf 92' lang='lat' dir='ltr'>id</span> 
     </span>
     <span class='ocr_line' id='line_1_22' title="bbox 241 2797 1413 2889; baseline -0.005 -22"><span class='ocrx_word' id='word_1_169' title='bbox 241 2803 321 2889; x_wconf 86' lang='lat' dir='ltr'>egit,</span> <span class='ocrx_word' id='word_1_170' title='bbox 346 2806 381 2866; x_wconf 92' lang='lat' dir='ltr'>ut</span> <span class='ocrx_word' id='word_1_171' title='bbox 406 2802 623 2887; x_wconf 81' lang='lat' dir='ltr'>catalogum</span> <span class='ocrx_word' id='word_1_172' title='bbox 647 2799 740 2864; x_wconf 90' lang='lat' dir='ltr'>uobis</span> <span class='ocrx_word' id='word_1_173' title='bbox 763 2805 960 2882; x_wconf 91' lang='lat' dir='ltr'>proponeret</span> <span class='ocrx_word' id='word_1_174' title='bbox 984 2797 1156 2862; x_wconf 89' lang='lat' dir='ltr'>Homerico</span> <span class='ocrx_word' id='word_1_175' title='bbox 1181 2797 1330 2875; x_wconf 84' lang='lat' dir='ltr'>similem,</span> <span class='ocrx_word' id='word_1_176' title='bbox 1359 2798 1413 2861; x_wconf 88' lang='lat' dir='ltr'>sed</span> 
     </span>
     <span class='ocr_line' id='line_1_23' title="bbox 241 2903 1413 2990; baseline -0.005 -16"><span class='ocrx_word' id='word_1_177' title='bbox 241 2933 306 2974; x_wconf 92' lang='lat' dir='ltr'>rem</span> <span class='ocrx_word' id='word_1_178' title='bbox 331 2909 377 2974; x_wconf 91' lang='lat' dir='ltr'>ita</span> <span class='ocrx_word' id='word_1_179' title='bbox 400 2908 557 2988; x_wconf 85' lang='lat' dir='ltr'>instituit,</span> <span class='ocrx_word' id='word_1_180' title='bbox 588 2913 624 2972; x_wconf 92' lang='lat' dir='ltr'>ut</span> <span class='ocrx_word' id='word_1_181' title='bbox 648 2931 737 2972; x_wconf 90' lang='lat' dir='ltr'>arma</span> <span class='ocrx_word' id='word_1_182' title='bbox 761 2907 853 2990; x_wconf 90' lang='lat' dir='ltr'>quasi</span> <span class='ocrx_word' id='word_1_183' title='bbox 878 2911 952 2970; x_wconf 92' lang='lat' dir='ltr'>ante</span> <span class='ocrx_word' id='word_1_184' title='bbox 976 2905 1086 2969; x_wconf 89' lang='lat' dir='ltr'>oculos</span> <span class='ocrx_word' id='word_1_185' title='bbox 1110 2905 1218 2985; x_wconf 89' lang='lat' dir='ltr'>parari</span> <span class='ocrx_word' id='word_1_186' title='bbox 1241 2903 1413 2979; x_wconf 84' lang='lat' dir='ltr'>videamus,</span> 
     </span>
     <span class='ocr_line' id='line_1_24' title="bbox 242 3010 1412 3100; baseline -0.007 -19"><span class='ocrx_word' id='word_1_187' title='bbox 242 3015 365 3100; x_wconf 83' lang='lat' dir='ltr'>equites</span> <span class='ocrx_word' id='word_1_188' title='bbox 396 3020 428 3080; x_wconf 91' lang='lat' dir='ltr'>et</span> <span class='ocrx_word' id='word_1_189' title='bbox 458 3015 581 3097; x_wconf 88' lang='lat' dir='ltr'>pedites</span> <span class='ocrx_word' id='word_1_190' title='bbox 612 3014 701 3100; x_wconf 84' lang='lat' dir='ltr'>cogi,</span> <span class='ocrx_word' id='word_1_191' title='bbox 732 3037 828 3078; x_wconf 86' lang='lat' dir='ltr'>nares</span> <span class='ocrx_word' id='word_1_192' title='bbox 856 3012 1031 3091; x_wconf 89' lang='lat' dir='ltr'>aedificari,</span> <span class='ocrx_word' id='word_1_193' title='bbox 1062 3015 1164 3075; x_wconf 91' lang='lat' dir='ltr'>totam</span> <span class='ocrx_word' id='word_1_194' title='bbox 1189 3010 1356 3075; x_wconf 82' lang='lat' dir='ltr'>Graeciam</span> <span class='ocrx_word' id='word_1_195' title='bbox 1380 3011 1412 3074; x_wconf 91' lang='lat' dir='ltr'>in</span> 
     </span>
     <span class='ocr_line' id='line_1_25' title="bbox 242 3113 1413 3203; baseline -0.005 -16"><span class='ocrx_word' id='word_1_196' title='bbox 242 3123 339 3188; x_wconf 87' lang='lat' dir='ltr'>variis</span> <span class='ocrx_word' id='word_1_197' title='bbox 376 3122 453 3187; x_wconf 91' lang='lat' dir='ltr'>belli</span> <span class='ocrx_word' id='word_1_198' title='bbox 488 3113 698 3203; x_wconf 86' lang='lat' dir='ltr'>apparatibus</span> <span class='ocrx_word' id='word_1_199' title='bbox 736 3120 884 3186; x_wconf 90' lang='lat' dir='ltr'>certatim</span> <span class='ocrx_word' id='word_1_200' title='bbox 921 3123 1110 3201; x_wconf 90' lang='lat' dir='ltr'>occupatam</span> <span class='ocrx_word' id='word_1_201' title='bbox 1150 3123 1277 3199; x_wconf 92' lang='lat' dir='ltr'>praeter</span> <span class='ocrx_word' id='word_1_202' title='bbox 1315 3141 1413 3182; x_wconf 89' lang='lat' dir='ltr'>unam</span> 
     </span>
     <span class='ocr_line' id='line_1_26' title="bbox 242 3226 1415 3313; baseline -0.005 -19"><span class='ocrx_word' id='word_1_203' title='bbox 242 3230 449 3296; x_wconf 80' lang='lat' dir='ltr'>Thessaliam.</span> <span class='ocrx_word' id='word_1_204' title='bbox 496 3229 604 3313; x_wconf 87' lang='lat' dir='ltr'>Atque</span> <span class='ocrx_word' id='word_1_205' title='bbox 633 3229 667 3292; x_wconf 93' lang='lat' dir='ltr'>in</span> <span class='ocrx_word' id='word_1_206' title='bbox 698 3228 777 3292; x_wconf 91' lang='lat' dir='ltr'>locis</span> <span class='ocrx_word' id='word_1_207' title='bbox 811 3227 968 3313; x_wconf 89' lang='lat' dir='ltr'>eligendis</span> <span class='ocrx_word' id='word_1_208' title='bbox 999 3248 1067 3290; x_wconf 90' lang='lat' dir='ltr'>eam</span> <span class='ocrx_word' id='word_1_209' title='bbox 1100 3226 1256 3290; x_wconf 90' lang='lat' dir='ltr'>rationem</span> <span class='ocrx_word' id='word_1_210' title='bbox 1287 3230 1415 3288; x_wconf 89' lang='lat' dir='ltr'>secutus</span> 
     </span>
     <span class='ocr_line' id='line_1_27' title="bbox 242 3332 1415 3418; baseline -0.006 -15"><span class='ocrx_word' id='word_1_211' title='bbox 242 3360 310 3404; x_wconf 84' lang='lat' dir='ltr'>esse</span> <span class='ocrx_word' id='word_1_212' title='bbox 344 3337 468 3402; x_wconf 89' lang='lat' dir='ltr'>videtur</span> <span class='ocrx_word' id='word_1_213' title='bbox 497 3341 608 3418; x_wconf 87' lang='lat' dir='ltr'>poeta,</span> <span class='ocrx_word' id='word_1_214' title='bbox 639 3341 675 3400; x_wconf 92' lang='lat' dir='ltr'>ut</span> <span class='ocrx_word' id='word_1_215' title='bbox 705 3335 890 3399; x_wconf 89' lang='lat' dir='ltr'>notissimos</span> <span class='ocrx_word' id='word_1_216' title='bbox 922 3333 1031 3417; x_wconf 87' lang='lat' dir='ltr'>aliqua</span> <span class='ocrx_word' id='word_1_217' title='bbox 1054 3355 1088 3396; x_wconf 93' lang='lat' dir='ltr'>re</span> <span class='ocrx_word' id='word_1_218' title='bbox 1111 3353 1213 3418; x_wconf 88' lang='lat' dir='ltr'>pagos</span> <span class='ocrx_word' id='word_1_219' title='bbox 1236 3332 1415 3414; x_wconf 88' lang='lat' dir='ltr'>praeferret</span> 
     </span>
     <span class='ocr_line' id='line_1_28' title="bbox 242 3437 1414 3530; baseline -0.009 -19"><span class='ocrx_word' id='word_1_220' title='bbox 242 3446 344 3530; x_wconf 91' lang='lat' dir='ltr'>iisque</span> <span class='ocrx_word' id='word_1_221' title='bbox 375 3466 429 3508; x_wconf 89' lang='lat' dir='ltr'>eas</span> <span class='ocrx_word' id='word_1_222' title='bbox 452 3465 504 3507; x_wconf 89' lang='lat' dir='ltr'>res</span> <span class='ocrx_word' id='word_1_223' title='bbox 526 3442 729 3525; x_wconf 90' lang='lat' dir='ltr'>potissimum</span> <span class='ocrx_word' id='word_1_224' title='bbox 754 3442 913 3506; x_wconf 91' lang='lat' dir='ltr'>tribueret</span> <span class='ocrx_word' id='word_1_225' title='bbox 935 3441 1111 3522; x_wconf 87' lang='lat' dir='ltr'>parandas,</span> <span class='ocrx_word' id='word_1_226' title='bbox 1139 3439 1257 3523; x_wconf 89' lang='lat' dir='ltr'>quibus</span> <span class='ocrx_word' id='word_1_227' title='bbox 1280 3437 1414 3523; x_wconf 91' lang='lat' dir='ltr'>quisque</span> 
     </span>
     <span class='ocr_line' id='line_1_29' title="bbox 243 3544 1414 3630; baseline -0.008 -13"><span class='ocrx_word' id='word_1_228' title='bbox 243 3552 380 3617; x_wconf 89' lang='lat' dir='ltr'>maxime</span> <span class='ocrx_word' id='word_1_229' title='bbox 403 3551 583 3615; x_wconf 89' lang='lat' dir='ltr'>celebratus</span> <span class='ocrx_word' id='word_1_230' title='bbox 606 3550 676 3630; x_wconf 88' lang='lat' dir='ltr'>fuit,</span> <span class='ocrx_word' id='word_1_231' title='bbox 704 3549 793 3614; x_wconf 86' lang='lat' dir='ltr'>velut</span> <span class='ocrx_word' id='word_1_232' title='bbox 816 3547 831 3612; x_wconf 92' lang='grc' dir='ltr'>Ι</span> <span class='ocrx_word' id='word_1_233' title='bbox 855 3550 920 3612; x_wconf 83' lang='grc'>413</span> <span class='ocrx_word' id='word_1_234' title='bbox 944 3569 1020 3612; x_wconf 83' lang='lat' dir='ltr'>aero</span> <span class='ocrx_word' id='word_1_235' title='bbox 1042 3547 1146 3612; x_wconf 76' lang='lat' dir='ltr'>donent</span> <span class='ocrx_word' id='word_1_236' title='bbox 1174 3546 1300 3618; x_wconf 80' lang='lat' dir='ltr'>Temese,</span> <span class='ocrx_word' id='word_1_237' title='bbox 1324 3544 1414 3609; x_wconf 92' lang='lat' dir='ltr'>cuius</span> 
     </span>
     <span class='ocr_line' id='line_1_30' title="bbox 243 3655 1414 3739; baseline -0.008 -14"><span class='ocrx_word' id='word_1_238' title='bbox 243 3659 332 3726; x_wconf 93' lang='lat' dir='ltr'>urbis</span> <span class='ocrx_word' id='word_1_239' title='bbox 371 3659 500 3723; x_wconf 89' lang='lat' dir='ltr'>metalla</span> <span class='ocrx_word' id='word_1_240' title='bbox 539 3663 616 3721; x_wconf 90' lang='lat' dir='ltr'>nota</span> <span class='ocrx_word' id='word_1_241' title='bbox 655 3662 756 3722; x_wconf 89' lang='lat' dir='ltr'>erant.</span> <span class='ocrx_word' id='word_1_242' title='bbox 772 3657 796 3739; x_wconf 83' lang='lat'>¹)</span> <span class='ocrx_word' id='word_1_243' title='bbox 857 3655 1013 3720; x_wconf 90' lang='lat' dir='ltr'>Similiter</span> <span class='ocrx_word' id='word_1_244' title='bbox 1055 3655 1133 3718; x_wconf 81' lang='lat' dir='ltr'>Pisa</span> <span class='ocrx_word' id='word_1_245' title='bbox 1170 3657 1270 3718; x_wconf 79' lang='lat' dir='ltr'>aocet</span> <span class='ocrx_word' id='word_1_246' title='bbox 1302 3674 1414 3716; x_wconf 81' lang='lat' dir='ltr'>currus</span> 
     </span>
     <span class='ocr_line' id='line_1_31' title="bbox 243 3759 1415 3850; baseline -0.009 -18"><span class='ocrx_word' id='word_1_247' title='bbox 243 3771 376 3850; x_wconf 91' lang='lat' dir='ltr'>propter</span> <span class='ocrx_word' id='word_1_248' title='bbox 398 3766 491 3829; x_wconf 91' lang='lat' dir='ltr'>ludos</span> <span class='ocrx_word' id='word_1_249' title='bbox 507 3763 700 3848; x_wconf 89' lang='lat' dir='ltr'>Olympicos,</span> <span class='ocrx_word' id='word_1_250' title='bbox 716 3764 826 3827; x_wconf 82' lang='lat' dir='ltr'>Nemee</span> <span class='ocrx_word' id='word_1_251' title='bbox 841 3763 897 3826; x_wconf 84' lang='lat' dir='ltr'>dot</span> <span class='ocrx_word' id='word_1_252' title='bbox 913 3770 998 3847; x_wconf 74' lang='lat' dir='ltr'>torpa</span> <span class='ocrx_word' id='word_1_253' title='bbox 1011 3762 1164 3844; x_wconf 82' lang='lat' dir='ltr'>ferorum,</span> <span class='ocrx_word' id='word_1_254' title='bbox 1187 3760 1243 3824; x_wconf 90' lang='lat' dir='ltr'>ubi</span> <span class='ocrx_word' id='word_1_255' title='bbox 1259 3759 1415 3824; x_wconf 91' lang='lat' dir='ltr'>Hercules</span> 
     </span>
     <span class='ocr_line' id='line_1_32' title="bbox 242 3868 1415 3955; baseline -0.009 -15"><span class='ocrx_word' id='word_1_256' title='bbox 242 3877 368 3940; x_wconf 92' lang='lat' dir='ltr'>leonem</span> <span class='ocrx_word' id='word_1_257' title='bbox 390 3876 524 3936; x_wconf 88' lang='lat' dir='ltr'>venatus</span> <span class='ocrx_word' id='word_1_258' title='bbox 548 3875 605 3951; x_wconf 88' lang='lat' dir='ltr'>est,</span> <span class='ocrx_word' id='word_1_259' title='bbox 636 3871 749 3935; x_wconf 82' lang='lat' dir='ltr'>Cirrha</span> <span class='ocrx_word' id='word_1_260' title='bbox 772 3870 963 3955; x_wconf 72' lang='lat' dir='ltr'>supittiferus</span> <span class='ocrx_word' id='word_1_261' title='bbox 986 3876 1082 3933; x_wconf 83' lang='lat' dir='ltr'>eertut</span> <span class='ocrx_word' id='word_1_262' title='bbox 1105 3870 1221 3952; x_wconf 81' lang='lat' dir='ltr'>stipare</span> <span class='ocrx_word' id='word_1_263' title='bbox 1239 3868 1415 3951; x_wconf 83' lang='lat' dir='ltr'>pharetras,</span> 
     </span>
     <span class='ocr_line' id='line_1_33' title="bbox 243 3976 1416 4062; baseline -0.007 -17"><span class='ocrx_word' id='word_1_264' title='bbox 243 3981 394 4046; x_wconf 90' lang='lat' dir='ltr'>nimirum</span> <span class='ocrx_word' id='word_1_265' title='bbox 419 3979 493 4062; x_wconf 93' lang='lat' dir='ltr'>quia</span> <span class='ocrx_word' id='word_1_266' title='bbox 517 3977 693 4059; x_wconf 87' lang='lat' dir='ltr'>Apollini</span> <span class='ocrx_word' id='word_1_267' title='bbox 717 3999 808 4041; x_wconf 87' lang='lat' dir='ltr'>saera</span> <span class='ocrx_word' id='word_1_268' title='bbox 833 3982 901 4041; x_wconf 85' lang='lat' dir='ltr'>erat</span> <span class='ocrx_word' id='word_1_269' title='bbox 925 3978 1125 4058; x_wconf 79' lang='lat' dir='ltr'>arciteneati;</span> <span class='ocrx_word' id='word_1_270' title='bbox 1148 3977 1212 4040; x_wconf 83' lang='lat'>419</span> <span class='ocrx_word' id='word_1_271' title='bbox 1234 3976 1336 4059; x_wconf 70' lang='lat' dir='ltr'>Arpos</span> <span class='ocrx_word' id='word_1_272' title='bbox 1351 3976 1416 4058; x_wconf 79' lang='lat' dir='ltr'>uyit</span> 
     </span>
    </p>
   </div>
   <div class='ocr_carea' id='block_1_5' title="bbox 244 4223 1415 4374">
    <p class='ocr_par' dir='ltr' id='par_1_7' title="bbox 244 4223 1415 4374">
     <span class='ocr_line' id='line_1_34' title="bbox 319 4223 1415 4294; baseline -0.008 -10"><span class='ocrx_word' id='word_1_273' title='bbox 319 4227 336 4294; x_wconf 79' lang='lat'>¹)</span> <span class='ocrx_word' id='word_1_274' title='bbox 355 4229 389 4284; x_wconf 87' lang='lat' dir='ltr'>cf.</span> <span class='ocrx_word' id='word_1_275' title='bbox 410 4228 592 4292; x_wconf 68' lang='lat' dir='ltr'>Silv.,15,7;</span> <span class='ocrx_word' id='word_1_276' title='bbox 612 4225 751 4281; x_wconf 89' lang='lat' dir='ltr'>Homeri</span> <span class='ocrx_word' id='word_1_277' title='bbox 770 4241 789 4277; x_wconf 84' lang='grc' dir='ltr'><em>α</em></span> <span class='ocrx_word' id='word_1_278' title='bbox 810 4225 875 4289; x_wconf 87' lang='grc'>184;</span> <span class='ocrx_word' id='word_1_279' title='bbox 901 4225 995 4280; x_wconf 89' lang='lat' dir='ltr'>Ovid.</span> <span class='ocrx_word' id='word_1_280' title='bbox 1017 4225 1131 4280; x_wconf 86' lang='lat' dir='ltr'>Metam.</span> <span class='ocrx_word' id='word_1_281' title='bbox 1144 4224 1197 4277; x_wconf 90' lang='lat' dir='ltr'>VII</span> <span class='ocrx_word' id='word_1_282' title='bbox 1211 4224 1272 4286; x_wconf 84' lang='lat'>207,</span> <span class='ocrx_word' id='word_1_283' title='bbox 1286 4223 1335 4275; x_wconf 87' lang='lat' dir='ltr'>XV</span> <span class='ocrx_word' id='word_1_284' title='bbox 1349 4223 1415 4286; x_wconf 80' lang='lat'><strong>707;</strong></span> 
     </span>
     <span class='ocr_line' id='line_1_35' title="bbox 244 4318 465 4374; baseline -0.009 -1"><span class='ocrx_word' id='word_1_285' title='bbox 244 4321 340 4374; x_wconf 85' lang='lat' dir='ltr'>fastor.</span> <span class='ocrx_word' id='word_1_286' title='bbox 361 4318 386 4371; x_wconf 86' lang='lat' dir='ltr'>V</span> <span class='ocrx_word' id='word_1_287' title='bbox 405 4318 465 4371; x_wconf 83' lang='lat'>441.</span> 
     </span>
    </p>
   </div>
   <div class='ocr_carea' id='block_1_6' title="bbox 0 0 1657 5034">
    <p class='ocr_par' dir='ltr' id='par_1_8' title="bbox 0 0 1657 5034">
     <span class='ocr_line' id='line_1_36' title="bbox 0 0 1657 5034; baseline 0 0"><span class='ocrx_word' id='word_1_288' title='bbox 0 0 1657 5034; x_wconf 95' lang='lat' dir='ltr'> </span> 
     </span>
    </p>
   </div>
  </div>
 </body>
</html>
