<?xml version="1.0" encoding="UTF-8"?>
<!DOCTYPE html PUBLIC "-//W3C//DTD XHTML 1.0 Transitional//EN"
    "http://www.w3.org/TR/xhtml1/DTD/xhtml1-transitional.dtd">
<html xmlns="http://www.w3.org/1999/xhtml" xml:lang="en" lang="en">
 <head>
  <title>
</title>
<meta http-equiv="Content-Type" content="text/html;charset=utf-8" />
  <meta name='ocr-system' content='tesseract 3.04.00' />
  <meta name='ocr-capabilities' content='ocr_page ocr_carea ocr_par ocr_line ocrx_word'/>
</head>
<body>
  <div class='ocr_page' id='page_1' title='image "./ppapiniusstatiu00kuergoog_0063.png"; bbox 0 0 3292 5034; ppageno 0'>
   <div class='ocr_carea' id='block_1_1' title="bbox 693 479 906 541">
    <p class='ocr_par' dir='ltr' id='par_1_1' title="bbox 693 479 906 541">
     <span class='ocr_line' id='line_1_1' title="bbox 693 479 906 541; baseline -0.005 -17"><span class='ocrx_word' id='word_1_1' title='bbox 693 479 906 541; x_wconf 72' lang='lat'><strong>„57-</strong></span> 
     </span>
    </p>
   </div>
   <div class='ocr_carea' id='block_1_2' title="bbox 210 670 1383 2152">
    <p class='ocr_par' dir='ltr' id='par_1_2' title="bbox 210 670 1383 2152">
     <span class='ocr_line' id='line_1_2' title="bbox 211 670 1382 756; baseline 0 -21"><span class='ocrx_word' id='word_1_2' title='bbox 211 671 334 748; x_wconf 82' lang='lat' dir='ltr'>Quibus</span> <span class='ocrx_word' id='word_1_3' title='bbox 359 693 429 736; x_wconf 89' lang='lat' dir='ltr'>cum</span> <span class='ocrx_word' id='word_1_4' title='bbox 455 671 600 736; x_wconf 91' lang='lat' dir='ltr'>versibus</span> <span class='ocrx_word' id='word_1_5' title='bbox 624 671 651 735; x_wconf 91' lang='lat' dir='ltr'>si</span> <span class='ocrx_word' id='word_1_6' title='bbox 675 671 913 754; x_wconf 86' lang='lat' dir='ltr'>comparaveris</span> <span class='ocrx_word' id='word_1_7' title='bbox 935 670 1100 756; x_wconf 84' lang='lat' dir='ltr'>Vergili</span> <span class='ocrx_word' id='word_1_8' title='bbox 1125 670 1285 735; x_wconf 75' lang='lat' dir='ltr'>Aeneidos</span> <span class='ocrx_word' id='word_1_9' title='bbox 1308 671 1382 736; x_wconf 82' lang='lat' dir='ltr'>libri</span> 
     </span>
     <span class='ocr_line' id='line_1_3' title="bbox 211 777 876 864; baseline 0.005 -22"><span class='ocrx_word' id='word_1_10' title='bbox 211 777 273 843; x_wconf 93' lang='lat' dir='ltr'>VII</span> <span class='ocrx_word' id='word_1_11' title='bbox 299 779 474 843; x_wconf 84' lang='grc'><strong>624-640</strong></span> <span class='ocrx_word' id='word_1_12' title='bbox 499 801 579 863; x_wconf 90' lang='lat' dir='ltr'>quos</span> <span class='ocrx_word' id='word_1_13' title='bbox 603 778 775 864; x_wconf 87' lang='lat' dir='ltr'>subiungo‚</span> <span class='ocrx_word' id='word_1_14' title='bbox 799 779 876 845; x_wconf 89' lang='lat' dir='ltr'>hos:</span> 
     </span>
     <span class='ocr_line' id='line_1_4' title="bbox 212 887 1086 971; baseline -0.001 -21"><span class='ocrx_word' id='word_1_15' title='bbox 212 887 275 950; x_wconf 86' lang='grc'>626</span> <span class='ocrx_word' id='word_1_16' title='bbox 312 907 393 970; x_wconf 78' lang='lat' dir='ltr'>pars</span> <span class='ocrx_word' id='word_1_17' title='bbox 417 887 489 950; x_wconf 83' lang='lat' dir='ltr'>leuis</span> <span class='ocrx_word' id='word_1_18' title='bbox 513 888 624 971; x_wconf 78' lang='lat' dir='ltr'>clipeos</span> <span class='ocrx_word' id='word_1_19' title='bbox 647 893 674 950; x_wconf 87' lang='lat' dir='ltr'>ct</span> <span class='ocrx_word' id='word_1_20' title='bbox 696 888 818 970; x_wconf 71' lang='grc'><strong>3666616</strong></span> <span class='ocrx_word' id='word_1_21' title='bbox 841 887 948 951; x_wconf 83' lang='lat' dir='ltr'>lucido</span> <span class='ocrx_word' id='word_1_22' title='bbox 970 893 1086 970; x_wconf 70' lang='lat' dir='ltr'>tergent</span> 
     </span>
     <span class='ocr_line' id='line_1_5' title="bbox 317 993 1222 1078; baseline 0 -21"><span class='ocrx_word' id='word_1_23' title='bbox 317 996 430 1058; x_wconf 82' lang='lat' dir='ltr'>nmina</span> <span class='ocrx_word' id='word_1_24' title='bbox 448 995 564 1077; x_wconf 69' lang='lat' dir='ltr'>pingui</span> <span class='ocrx_word' id='word_1_25' title='bbox 590 993 865 1078; x_wconf 63' lang='lat' dir='ltr'>subiguntque</span> <span class='ocrx_word' id='word_1_26' title='bbox 887 995 928 1058; x_wconf 93' lang='lat' dir='ltr'>in</span> <span class='ocrx_word' id='word_1_27' title='bbox 952 1000 1033 1058; x_wconf 87' lang='lat' dir='ltr'>cotc</span> <span class='ocrx_word' id='word_1_28' title='bbox 1055 1015 1222 1058; x_wconf 84' lang='lat' dir='ltr'>secures.</span> 
     </span>
     <span class='ocr_line' id='line_1_6' title="bbox 212 1101 1383 1186; baseline -0.002 -20"><span class='ocrx_word' id='word_1_29' title='bbox 212 1103 274 1166; x_wconf 82' lang='lat'>632</span> <span class='ocrx_word' id='word_1_30' title='bbox 317 1103 491 1186; x_wconf 65' lang='lat' dir='ltr'>tegmina</span> <span class='ocrx_word' id='word_1_31' title='bbox 514 1108 595 1165; x_wconf 87' lang='lat' dir='ltr'>tuto</span> <span class='ocrx_word' id='word_1_32' title='bbox 617 1108 763 1165; x_wconf 85' lang='lat' dir='ltr'>cocunt</span> <span class='ocrx_word' id='word_1_33' title='bbox 786 1103 964 1184; x_wconf 84' lang='lat' dir='ltr'>cupitum</span> <span class='ocrx_word' id='word_1_34' title='bbox 982 1101 1220 1186; x_wconf 73' lang='lat' dir='ltr'><em>flectuntque</em></span> <span class='ocrx_word' id='word_1_35' title='bbox 1242 1102 1383 1185; x_wconf 66' lang='lat' dir='ltr'>salignos</span> 
     </span>
     <span class='ocr_line' id='line_1_7' title="bbox 316 1207 1030 1288; baseline -0.001 -16"><span class='ocrx_word' id='word_1_36' title='bbox 316 1207 482 1272; x_wconf 78' lang='lat' dir='ltr'><em>umbonum</em></span> <span class='ocrx_word' id='word_1_37' title='bbox 505 1216 622 1288; x_wconf 44' lang='lat' dir='ltr'>cruta&amp;</span> <span class='ocrx_word' id='word_1_38' title='bbox 644 1210 703 1272; x_wconf 88' lang='lat' dir='ltr'>ulii</span> <span class='ocrx_word' id='word_1_39' title='bbox 725 1209 915 1272; x_wconf 77' lang='lat' dir='ltr'>thoracas</span> <span class='ocrx_word' id='word_1_40' title='bbox 937 1215 1030 1272; x_wconf 75' lang='lat' dir='ltr'>ainos</span> 
     </span>
     <span class='ocr_line' id='line_1_8' title="bbox 317 1317 998 1399; baseline 0.001 -20"><span class='ocrx_word' id='word_1_41' title='bbox 317 1323 372 1379; x_wconf 86' lang='lat' dir='ltr'>out</span> <span class='ocrx_word' id='word_1_42' title='bbox 395 1317 467 1380; x_wconf 85' lang='lat' dir='ltr'>leuis</span> <span class='ocrx_word' id='word_1_43' title='bbox 491 1337 596 1380; x_wconf 83' lang='lat' dir='ltr'>ocreas</span> <span class='ocrx_word' id='word_1_44' title='bbox 618 1317 698 1381; x_wconf 84' lang='lat' dir='ltr'>lento</span> <span class='ocrx_word' id='word_1_45' title='bbox 722 1317 840 1380; x_wconf 80' lang='lat' dir='ltr'>diccunt</span> <span class='ocrx_word' id='word_1_46' title='bbox 864 1322 998 1399; x_wconf 73' lang='lat' dir='ltr'>uryento.</span> 
     </span>
     <span class='ocr_line' id='line_1_9' title="bbox 211 1423 1351 1506; baseline -0.002 -19"><span class='ocrx_word' id='word_1_47' title='bbox 211 1425 275 1488; x_wconf 89' lang='grc'>635</span> <span class='ocrx_word' id='word_1_48' title='bbox 316 1425 484 1488; x_wconf 83' lang='lat' dir='ltr'>vomeris</span> <span class='ocrx_word' id='word_1_49' title='bbox 507 1424 580 1487; x_wconf 84' lang='lat' dir='ltr'>buc</span> <span class='ocrx_word' id='word_1_50' title='bbox 603 1431 636 1488; x_wconf 87' lang='lat' dir='ltr'>ct</span> <span class='ocrx_word' id='word_1_51' title='bbox 656 1423 786 1506; x_wconf 78' lang='lat' dir='ltr'>fulcis</span> <span class='ocrx_word' id='word_1_52' title='bbox 808 1423 947 1502; x_wconf 84' lang='lat' dir='ltr'>bonos,</span> <span class='ocrx_word' id='word_1_53' title='bbox 969 1423 1042 1486; x_wconf 85' lang='lat' dir='ltr'>buc</span> <span class='ocrx_word' id='word_1_54' title='bbox 1065 1424 1191 1487; x_wconf 85' lang='lat' dir='ltr'>omnis</span> <span class='ocrx_word' id='word_1_55' title='bbox 1214 1425 1351 1486; x_wconf 81' lang='lat' dir='ltr'>aratri</span> 
     </span>
     <span class='ocr_line' id='line_1_10' title="bbox 226 1530 1382 1616; baseline 0 -22"><span class='ocrx_word' id='word_1_56' title='bbox 226 1557 228 1560; x_wconf 93' lang='lat'>·</span> <span class='ocrx_word' id='word_1_57' title='bbox 317 1532 437 1595; x_wconf 79' lang='lat' dir='ltr'>cessit</span> <span class='ocrx_word' id='word_1_58' title='bbox 461 1552 584 1613; x_wconf 77' lang='lat' dir='ltr'>unior,</span> <span class='ocrx_word' id='word_1_59' title='bbox 607 1538 831 1616; x_wconf 74' lang='lat' dir='ltr'><em>recoquunt</em></span> <span class='ocrx_word' id='word_1_60' title='bbox 851 1532 1000 1614; x_wconf 80' lang='lat' dir='ltr'>patrios</span> <span class='ocrx_word' id='word_1_61' title='bbox 1019 1530 1245 1613; x_wconf 78' lang='lat' dir='ltr'>fornacibus</span> <span class='ocrx_word' id='word_1_62' title='bbox 1267 1551 1382 1611; x_wconf 71' lang='grc'><strong>66363,</strong></span> 
     </span>
     <span class='ocr_line' id='line_1_11' title="bbox 210 1636 1382 1723; baseline -0.001 -21"><span class='ocrx_word' id='word_1_63' title='bbox 210 1639 364 1703; x_wconf 82' lang='lat' dir='ltr'>concedes</span> <span class='ocrx_word' id='word_1_64' title='bbox 386 1637 419 1701; x_wconf 92' lang='lat' dir='ltr'>in</span> <span class='ocrx_word' id='word_1_65' title='bbox 444 1643 581 1722; x_wconf 88' lang='lat' dir='ltr'>utroque</span> <span class='ocrx_word' id='word_1_66' title='bbox 605 1638 676 1702; x_wconf 90' lang='lat' dir='ltr'>loco</span> <span class='ocrx_word' id='word_1_67' title='bbox 695 1638 867 1723; x_wconf 86' lang='lat' dir='ltr'>pangendo</span> <span class='ocrx_word' id='word_1_68' title='bbox 885 1637 1051 1723; x_wconf 87' lang='lat' dir='ltr'>Vergili</span> <span class='ocrx_word' id='word_1_69' title='bbox 1074 1637 1212 1720; x_wconf 81' lang='lat' dir='ltr'>vestigia</span> <span class='ocrx_word' id='word_1_70' title='bbox 1228 1636 1382 1718; x_wconf 85' lang='lat' dir='ltr'>pressisse</span> 
     </span>
     <span class='ocr_line' id='line_1_12' title="bbox 210 1744 865 1829; baseline 0 -19"><span class='ocrx_word' id='word_1_71' title='bbox 210 1745 357 1810; x_wconf 75' lang='lat' dir='ltr'>Statium.</span> <span class='ocrx_word' id='word_1_72' title='bbox 406 1746 495 1809; x_wconf 91' lang='lat' dir='ltr'>Adde</span> <span class='ocrx_word' id='word_1_73' title='bbox 520 1745 600 1810; x_wconf 88' lang='lat' dir='ltr'>Aen.</span> <span class='ocrx_word' id='word_1_74' title='bbox 624 1744 688 1810; x_wconf 91' lang='lat' dir='ltr'>Vll</span> <span class='ocrx_word' id='word_1_75' title='bbox 713 1747 776 1810; x_wconf 87' lang='grc'>629</span> <span class='ocrx_word' id='word_1_76' title='bbox 800 1767 865 1829; x_wconf 87' lang='lat' dir='ltr'>seq.</span> 
     </span>
     <span class='ocr_line' id='line_1_13' title="bbox 318 1851 1276 1938; baseline -0.001 -21"><span class='ocrx_word' id='word_1_77' title='bbox 318 1855 493 1938; x_wconf 79' lang='lat' dir='ltr'>quinque</span> <span class='ocrx_word' id='word_1_78' title='bbox 520 1852 596 1917; x_wconf 85' lang='lat' dir='ltr'>odeo</span> <span class='ocrx_word' id='word_1_79' title='bbox 618 1874 750 1937; x_wconf 71' lang='grc'><strong>6669666</strong></span> <span class='ocrx_word' id='word_1_80' title='bbox 769 1855 921 1936; x_wconf 82' lang='lat' dir='ltr'>positis</span> <span class='ocrx_word' id='word_1_81' title='bbox 944 1852 1163 1917; x_wconf 80' lang='lat' dir='ltr'>incudibus</span> <span class='ocrx_word' id='word_1_82' title='bbox 1185 1851 1276 1916; x_wconf 80' lang='lat' dir='ltr'>urbes</span> 
     </span>
     <span class='ocr_line' id='line_1_14' title="bbox 316 1961 514 2024; baseline -0.005 0"><span class='ocrx_word' id='word_1_83' title='bbox 316 1961 376 2024; x_wconf 86' lang='lat' dir='ltr'>tcta</span> <span class='ocrx_word' id='word_1_84' title='bbox 399 1967 514 2024; x_wconf 85' lang='lat' dir='ltr'>nocant</span> 
     </span>
     <span class='ocr_line' id='line_1_15' title="bbox 210 2065 1381 2152; baseline 0.002 -22"><span class='ocrx_word' id='word_1_85' title='bbox 210 2071 242 2130; x_wconf 92' lang='grc'>66</span> <span class='ocrx_word' id='word_1_86' title='bbox 267 2066 346 2132; x_wconf 90' lang='lat' dir='ltr'>Ach.</span> <span class='ocrx_word' id='word_1_87' title='bbox 362 2065 377 2131; x_wconf 93' lang='lat' dir='ltr'>I</span> <span class='ocrx_word' id='word_1_88' title='bbox 394 2069 458 2132; x_wconf 83' lang='lat'>419</span> <span class='ocrx_word' id='word_1_89' title='bbox 481 2069 697 2131; x_wconf 83' lang='lat' dir='ltr'>innumero</span> <span class='ocrx_word' id='word_1_90' title='bbox 719 2075 867 2132; x_wconf 82' lang='lat' dir='ltr'>resonant</span> <span class='ocrx_word' id='word_1_91' title='bbox 890 2067 1036 2131; x_wconf 86' lang='lat' dir='ltr'>incude</span> <span class='ocrx_word' id='word_1_92' title='bbox 1059 2067 1217 2152; x_wconf 75' lang='lat' dir='ltr'>Mycenae.</span> <span class='ocrx_word' id='word_1_93' title='bbox 1238 2103 1276 2111; x_wconf 92' lang='lat'><em>-</em></span> <span class='ocrx_word' id='word_1_94' title='bbox 1302 2067 1381 2133; x_wconf 83' lang='lat' dir='ltr'>Cum</span> 
     </span>
    </p>
   </div>
   <div class='ocr_carea' id='block_1_3' title="bbox 210 2173 1477 2257">
    <p class='ocr_par' dir='ltr' id='par_1_3' title="bbox 210 2173 1477 2257">
     <span class='ocr_line' id='line_1_16' title="bbox 210 2173 1477 2257; baseline 0.003 -21"><span class='ocrx_word' id='word_1_95' title='bbox 210 2173 352 2237; x_wconf 80' lang='lat' dir='ltr'>versibus</span> <span class='ocrx_word' id='word_1_96' title='bbox 386 2176 450 2238; x_wconf 82' lang='lat'>436</span> <span class='ocrx_word' id='word_1_97' title='bbox 475 2195 540 2257; x_wconf 91' lang='lat' dir='ltr'>seq.</span> <span class='ocrx_word' id='word_1_98' title='bbox 574 2173 600 2237; x_wconf 87' lang='lat' dir='ltr'>si</span> <span class='ocrx_word' id='word_1_99' title='bbox 631 2173 807 2238; x_wconf 89' lang='lat' dir='ltr'>contuleris</span> <span class='ocrx_word' id='word_1_100' title='bbox 840 2173 928 2238; x_wconf 90' lang='lat' dir='ltr'>Hirti</span> <span class='ocrx_word' id='word_1_101' title='bbox 960 2173 1042 2238; x_wconf 92' lang='lat' dir='ltr'>Belli</span> <span class='ocrx_word' id='word_1_102' title='bbox 1067 2173 1214 2237; x_wconf 84' lang='lat' dir='ltr'>Africani</span> <span class='ocrx_word' id='word_1_103' title='bbox 1247 2197 1315 2256; x_wconf 88' lang='lat' dir='ltr'>cap.</span> <span class='ocrx_word' id='word_1_104' title='bbox 1339 2177 1381 2240; x_wconf 85' lang='lat'>20</span> <span class='ocrx_word' id='word_1_105' title='bbox 1474 2176 1477 2181; x_wconf 68' lang='grc'>’</span> 
     </span>
    </p>
   </div>
   <div class='ocr_carea' id='block_1_4' title="bbox 170 2280 1383 3760">
    <p class='ocr_par' dir='ltr' id='par_1_4' title="bbox 170 2280 1383 3418">
     <span class='ocr_line' id='line_1_17' title="bbox 210 2280 1383 2367; baseline 0 -22"><span class='ocrx_word' id='word_1_106' title='bbox 210 2280 342 2362; x_wconf 82' lang='lat' dir='ltr'>(Caesar</span> <span class='ocrx_word' id='word_1_107' title='bbox 365 2282 489 2345; x_wconf 83' lang='lat' dir='ltr'>interim</span> <span class='ocrx_word' id='word_1_108' title='bbox 512 2281 659 2364; x_wconf 79' lang='lat' dir='ltr'>officinas</span> <span class='ocrx_word' id='word_1_109' title='bbox 678 2282 838 2364; x_wconf 80' lang='lat' dir='ltr'>ferrarius</span> <span class='ocrx_word' id='word_1_110' title='bbox 860 2284 1021 2365; x_wconf 77' lang='lat' dir='ltr'>instrucre,</span> <span class='ocrx_word' id='word_1_111' title='bbox 1044 2283 1174 2365; x_wconf 75' lang='lat' dir='ltr'>saqittus</span> <span class='ocrx_word' id='word_1_112' title='bbox 1197 2283 1317 2367; x_wconf 82' lang='lat' dir='ltr'>ictuque</span> <span class='ocrx_word' id='word_1_113' title='bbox 1335 2285 1383 2346; x_wconf 86' lang='lat' dir='ltr'>uti</span> 
     </span>
     <span class='ocr_line' id='line_1_18' title="bbox 206 2388 1381 2475; baseline 0.001 -23"><span class='ocrx_word' id='word_1_114' title='bbox 206 2388 315 2471; x_wconf 80' lang='lat' dir='ltr'>fierent</span> <span class='ocrx_word' id='word_1_115' title='bbox 331 2390 491 2472; x_wconf 77' lang='lat' dir='ltr'>complura</span> <span class='ocrx_word' id='word_1_116' title='bbox 507 2410 625 2464; x_wconf 82' lang='lat' dir='ltr'>curare,</span> <span class='ocrx_word' id='word_1_117' title='bbox 642 2390 800 2474; x_wconf 71' lang='grc'><strong>9166663</strong></span> <span class='ocrx_word' id='word_1_118' title='bbox 817 2390 989 2473; x_wconf 77' lang='lat' dir='ltr'>fundere,</span> <span class='ocrx_word' id='word_1_119' title='bbox 1008 2389 1118 2454; x_wconf 84' lang='lat' dir='ltr'>sudes</span> <span class='ocrx_word' id='word_1_120' title='bbox 1141 2388 1381 2475; x_wconf 82' lang='lat' dir='ltr'>comparare),</span> 
     </span>
     <span class='ocr_line' id='line_1_19' title="bbox 210 2494 1382 2581; baseline -0.002 -21"><span class='ocrx_word' id='word_1_121' title='bbox 210 2517 398 2581; x_wconf 77' lang='lat' dir='ltr'>cognosceS,</span> <span class='ocrx_word' id='word_1_122' title='bbox 429 2500 550 2580; x_wconf 88' lang='lat' dir='ltr'>quanto</span> <span class='ocrx_word' id='word_1_123' title='bbox 582 2519 677 2578; x_wconf 91' lang='lat' dir='ltr'>opere</span> <span class='ocrx_word' id='word_1_124' title='bbox 708 2498 745 2561; x_wconf 92' lang='lat' dir='ltr'>ad</span> <span class='ocrx_word' id='word_1_125' title='bbox 778 2496 879 2578; x_wconf 87' lang='lat' dir='ltr'>ipsius</span> <span class='ocrx_word' id='word_1_126' title='bbox 912 2502 1049 2561; x_wconf 88' lang='lat' dir='ltr'>aetatem</span> <span class='ocrx_word' id='word_1_127' title='bbox 1074 2495 1197 2562; x_wconf 80' lang='lat' dir='ltr'>Statius</span> <span class='ocrx_word' id='word_1_128' title='bbox 1222 2494 1382 2577; x_wconf 87' lang='lat' dir='ltr'>aptaverit</span> 
     </span>
     <span class='ocr_line' id='line_1_20' title="bbox 209 2602 774 2684; baseline 0.005 -18"><span class='ocrx_word' id='word_1_129' title='bbox 209 2603 284 2666; x_wconf 89' lang='lat' dir='ltr'>belli</span> <span class='ocrx_word' id='word_1_130' title='bbox 310 2602 440 2667; x_wconf 80' lang='lat' dir='ltr'>Troiani</span> <span class='ocrx_word' id='word_1_131' title='bbox 464 2604 599 2684; x_wconf 89' lang='lat' dir='ltr'>parandi</span> <span class='ocrx_word' id='word_1_132' title='bbox 625 2603 774 2669; x_wconf 88' lang='lat' dir='ltr'>rationes.</span> 
     </span>
     <span class='ocr_line' id='line_1_21' title="bbox 170 2709 1382 2794; baseline 0.005 -26"><span class='ocrx_word' id='word_1_133' title='bbox 170 2764 173 2768; x_wconf 87' lang='lat'>.</span> <span class='ocrx_word' id='word_1_134' title='bbox 276 2710 366 2774; x_wconf 89' lang='lat' dir='ltr'>Bello</span> <span class='ocrx_word' id='word_1_135' title='bbox 391 2714 504 2791; x_wconf 87' lang='lat' dir='ltr'>parato</span> <span class='ocrx_word' id='word_1_136' title='bbox 522 2710 659 2775; x_wconf 78' lang='lat' dir='ltr'>Graecos</span> <span class='ocrx_word' id='word_1_137' title='bbox 680 2711 871 2775; x_wconf 87' lang='lat' dir='ltr'>Aulidem</span> <span class='ocrx_word' id='word_1_138' title='bbox 896 2709 1082 2776; x_wconf 84' lang='lat' dir='ltr'>convenisse</span> <span class='ocrx_word' id='word_1_139' title='bbox 1106 2709 1216 2794; x_wconf 88' lang='lat' dir='ltr'>ibique</span> <span class='ocrx_word' id='word_1_140' title='bbox 1239 2714 1382 2775; x_wconf 90' lang='lat' dir='ltr'>moratos</span> 
     </span>
     <span class='ocr_line' id='line_1_22' title="bbox 209 2816 1381 2903; baseline -0.001 -21"><span class='ocrx_word' id='word_1_141' title='bbox 209 2839 277 2882; x_wconf 90' lang='lat' dir='ltr'>esse</span> <span class='ocrx_word' id='word_1_142' title='bbox 301 2816 469 2881; x_wconf 90' lang='lat' dir='ltr'>notissima</span> <span class='ocrx_word' id='word_1_143' title='bbox 487 2840 539 2882; x_wconf 89' lang='lat' dir='ltr'>res</span> <span class='ocrx_word' id='word_1_144' title='bbox 555 2841 593 2882; x_wconf 84' lang='lat' dir='ltr'>ex</span> <span class='ocrx_word' id='word_1_145' title='bbox 609 2817 752 2882; x_wconf 87' lang='lat' dir='ltr'>Homero</span> <span class='ocrx_word' id='word_1_146' title='bbox 770 2823 805 2887; x_wconf 83' lang='grc'>66,</span> <span class='ocrx_word' id='word_1_147' title='bbox 818 2818 923 2900; x_wconf 91' lang='lat' dir='ltr'>poetis</span> <span class='ocrx_word' id='word_1_148' title='bbox 940 2817 1082 2903; x_wconf 84' lang='lat' dir='ltr'>tragicis,</span> <span class='ocrx_word' id='word_1_149' title='bbox 1107 2818 1258 2902; x_wconf 87' lang='lat' dir='ltr'>aquibus</span> <span class='ocrx_word' id='word_1_150' title='bbox 1274 2822 1381 2883; x_wconf 89' lang='lat' dir='ltr'>tamen</span> 
     </span>
     <span class='ocr_line' id='line_1_23' title="bbox 209 2923 1381 3010; baseline 0.001 -23"><span class='ocrx_word' id='word_1_151' title='bbox 209 2923 333 2988; x_wconf 82' lang='lat' dir='ltr'>Statius</span> <span class='ocrx_word' id='word_1_152' title='bbox 363 2947 400 2988; x_wconf 94' lang='lat' dir='ltr'>eo</span> <span class='ocrx_word' id='word_1_153' title='bbox 431 2924 580 3006; x_wconf 83' lang='lat' dir='ltr'>discedit,</span> <span class='ocrx_word' id='word_1_154' title='bbox 611 2926 696 3009; x_wconf 95' lang='lat' dir='ltr'>quod</span> <span class='ocrx_word' id='word_1_155' title='bbox 727 2949 850 2990; x_wconf 89' lang='lat' dir='ltr'>moram</span> <span class='ocrx_word' id='word_1_156' title='bbox 880 2925 998 2989; x_wconf 86' lang='lat' dir='ltr'>factam</span> <span class='ocrx_word' id='word_1_157' title='bbox 1030 2947 1098 2989; x_wconf 90' lang='lat' dir='ltr'>esse</span> <span class='ocrx_word' id='word_1_158' title='bbox 1121 2925 1218 3010; x_wconf 87' lang='lat' dir='ltr'>fingit</span> <span class='ocrx_word' id='word_1_159' title='bbox 1241 2947 1381 2989; x_wconf 86' lang='lat' dir='ltr'>annuam</span> 
     </span>
     <span class='ocr_line' id='line_1_24' title="bbox 211 3031 1383 3120; baseline 0.001 -24"><span class='ocrx_word' id='word_1_160' title='bbox 211 3031 287 3096; x_wconf 90' lang='lat' dir='ltr'>belli</span> <span class='ocrx_word' id='word_1_161' title='bbox 310 3031 486 3113; x_wconf 85' lang='lat' dir='ltr'>paratibus,</span> <span class='ocrx_word' id='word_1_162' title='bbox 511 3036 543 3095; x_wconf 92' lang='lat' dir='ltr'>et</span> <span class='ocrx_word' id='word_1_163' title='bbox 567 3053 603 3095; x_wconf 90' lang='grc'>66</span> <span class='ocrx_word' id='word_1_164' title='bbox 628 3055 670 3112; x_wconf 91' lang='lat' dir='ltr'>re,</span> <span class='ocrx_word' id='word_1_165' title='bbox 698 3033 782 3116; x_wconf 91' lang='lat' dir='ltr'>quod</span> <span class='ocrx_word' id='word_1_166' title='bbox 796 3031 957 3097; x_wconf 83' lang='lat' dir='ltr'>Achillem</span> <span class='ocrx_word' id='word_1_167' title='bbox 981 3036 1166 3120; x_wconf 85' lang='lat' dir='ltr'>exspectare</span> <span class='ocrx_word' id='word_1_168' title='bbox 1190 3032 1293 3097; x_wconf 86' lang='lat' dir='ltr'>coacti</span> <span class='ocrx_word' id='word_1_169' title='bbox 1317 3032 1383 3097; x_wconf 90' lang='lat' dir='ltr'>sint</span> 
     </span>
     <span class='ocr_line' id='line_1_25' title="bbox 209 3137 1381 3223; baseline -0.002 -20"><span class='ocrx_word' id='word_1_170' title='bbox 209 3138 330 3219; x_wconf 79' lang='lat' dir='ltr'>Graeci,</span> <span class='ocrx_word' id='word_1_171' title='bbox 363 3137 611 3223; x_wconf 85' lang='lat' dir='ltr'>Iphigeniae</span> <span class='ocrx_word' id='word_1_172' title='bbox 634 3139 762 3203; x_wconf 84' lang='lat' dir='ltr'>fabulae</span> <span class='ocrx_word' id='word_1_173' title='bbox 789 3140 913 3204; x_wconf 90' lang='lat' dir='ltr'>ratione</span> <span class='ocrx_word' id='word_1_174' title='bbox 937 3161 1002 3203; x_wconf 91' lang='lat' dir='ltr'>non</span> <span class='ocrx_word' id='word_1_175' title='bbox 1026 3139 1147 3218; x_wconf 87' lang='lat' dir='ltr'>habita,</span> <span class='ocrx_word' id='word_1_176' title='bbox 1171 3138 1233 3202; x_wconf 91' lang='lat' dir='ltr'>uisi</span> <span class='ocrx_word' id='word_1_177' title='bbox 1257 3139 1324 3202; x_wconf 89' lang='lat' dir='ltr'>eius</span> <span class='ocrx_word' id='word_1_178' title='bbox 1347 3137 1381 3201; x_wconf 93' lang='lat' dir='ltr'>in</span> 
     </span>
     <span class='ocr_line' id='line_1_26' title="bbox 209 3245 1382 3327; baseline -0.002 -16"><span class='ocrx_word' id='word_1_179' title='bbox 209 3245 349 3311; x_wconf 88' lang='lat' dir='ltr'>carmine</span> <span class='ocrx_word' id='word_1_180' title='bbox 381 3245 599 3311; x_wconf 91' lang='lat' dir='ltr'>continuando</span> <span class='ocrx_word' id='word_1_181' title='bbox 632 3246 826 3311; x_wconf 86' lang='lat' dir='ltr'>mentionem</span> <span class='ocrx_word' id='word_1_182' title='bbox 861 3246 1006 3311; x_wconf 89' lang='lat' dir='ltr'>facturus</span> <span class='ocrx_word' id='word_1_183' title='bbox 1037 3249 1106 3310; x_wconf 89' lang='lat' dir='ltr'>erat</span> <span class='ocrx_word' id='word_1_184' title='bbox 1139 3251 1213 3327; x_wconf 89' lang='lat' dir='ltr'>post</span> <span class='ocrx_word' id='word_1_185' title='bbox 1244 3245 1382 3310; x_wconf 87' lang='lat' dir='ltr'>Achillis</span> 
     </span>
     <span class='ocr_line' id='line_1_27' title="bbox 209 3353 392 3418; baseline 0 -1"><span class='ocrx_word' id='word_1_186' title='bbox 209 3353 392 3418; x_wconf 90' lang='lat' dir='ltr'>adventum.</span> 
     </span>
    </p>

    <p class='ocr_par' dir='ltr' id='par_1_5' title="bbox 209 3459 1381 3760">
     <span class='ocr_line' id='line_1_28' title="bbox 276 3459 1381 3547; baseline -0.003 -21"><span class='ocrx_word' id='word_1_187' title='bbox 276 3462 380 3547; x_wconf 85' lang='lat' dir='ltr'>Reges</span> <span class='ocrx_word' id='word_1_188' title='bbox 403 3461 459 3545; x_wconf 93' lang='lat' dir='ltr'>qui</span> <span class='ocrx_word' id='word_1_189' title='bbox 482 3462 690 3526; x_wconf 87' lang='lat' dir='ltr'>nominantur</span> <span class='ocrx_word' id='word_1_190' title='bbox 713 3462 916 3542; x_wconf 82' lang='lat' dir='ltr'>Graecorum,</span> <span class='ocrx_word' id='word_1_191' title='bbox 940 3484 1132 3546; x_wconf 89' lang='lat' dir='ltr'>quamquam</span> <span class='ocrx_word' id='word_1_192' title='bbox 1157 3483 1268 3526; x_wconf 90' lang='lat' dir='ltr'>omnes</span> <span class='ocrx_word' id='word_1_193' title='bbox 1290 3459 1381 3546; x_wconf 82' lang='lat' dir='ltr'>Aga-</span> 
     </span>
     <span class='ocr_line' id='line_1_29' title="bbox 209 3567 1380 3651; baseline -0.001 -20"><span class='ocrx_word' id='word_1_194' title='bbox 209 3589 376 3632; x_wconf 89' lang='lat' dir='ltr'>memnone</span> <span class='ocrx_word' id='word_1_195' title='bbox 423 3574 556 3650; x_wconf 90' lang='lat' dir='ltr'>excepto</span> <span class='ocrx_word' id='word_1_196' title='bbox 595 3573 806 3634; x_wconf 90' lang='lat' dir='ltr'>numerantur</span> <span class='ocrx_word' id='word_1_197' title='bbox 845 3571 927 3651; x_wconf 91' lang='lat' dir='ltr'>apud</span> <span class='ocrx_word' id='word_1_198' title='bbox 967 3568 1268 3651; x_wconf 84' lang='lat' dir='ltr'>Apollodorum</span> <span class='ocrx_word' id='word_1_199' title='bbox 1288 3567 1312 3650; x_wconf 88' lang='grc'>1)</span> <span class='ocrx_word' id='word_1_200' title='bbox 1346 3567 1380 3631; x_wconf 83' lang='grc'>16</span> 
     </span>
     <span class='ocr_line' id='line_1_30' title="bbox 209 3675 1381 3760; baseline 0.002 -22"><span class='ocrx_word' id='word_1_201' title='bbox 209 3675 358 3760; x_wconf 85' lang='lat' dir='ltr'>catalogo</span> <span class='ocrx_word' id='word_1_202' title='bbox 389 3698 514 3756; x_wconf 87' lang='lat' dir='ltr'>eorum,</span> <span class='ocrx_word' id='word_1_203' title='bbox 545 3677 600 3760; x_wconf 90' lang='lat' dir='ltr'>qui</span> <span class='ocrx_word' id='word_1_204' title='bbox 623 3676 782 3741; x_wconf 89' lang='lat' dir='ltr'>Helenam</span> <span class='ocrx_word' id='word_1_205' title='bbox 812 3676 1012 3759; x_wconf 84' lang='lat' dir='ltr'>petiverunt,</span> <span class='ocrx_word' id='word_1_206' title='bbox 1043 3680 1150 3741; x_wconf 87' lang='lat' dir='ltr'>tamen</span> <span class='ocrx_word' id='word_1_207' title='bbox 1174 3680 1303 3758; x_wconf 86' lang='lat' dir='ltr'>poetam</span> <span class='ocrx_word' id='word_1_208' title='bbox 1327 3698 1381 3740; x_wconf 92' lang='lat' dir='ltr'>eos</span> 
     </span>
    </p>
   </div>
   <div class='ocr_carea' id='block_1_5' title="bbox 210 3780 1382 4083">
    <p class='ocr_par' dir='ltr' id='par_1_6' title="bbox 210 3780 1382 4083">
     <span class='ocr_line' id='line_1_31' title="bbox 210 3780 1379 3870; baseline 0.001 -25"><span class='ocrx_word' id='word_1_209' title='bbox 210 3780 376 3846; x_wconf 90' lang='lat' dir='ltr'>Homeri</span> <span class='ocrx_word' id='word_1_210' title='bbox 408 3805 580 3847; x_wconf 85' lang='lat' dir='ltr'>memorem</span> <span class='ocrx_word' id='word_1_211' title='bbox 612 3784 746 3870; x_wconf 85' lang='lat' dir='ltr'>elegisse</span> <span class='ocrx_word' id='word_1_212' title='bbox 779 3784 985 3849; x_wconf 84' lang='lat' dir='ltr'>verisimilius</span> <span class='ocrx_word' id='word_1_213' title='bbox 1017 3787 1074 3848; x_wconf 91' lang='lat' dir='ltr'>est.</span> <span class='ocrx_word' id='word_1_214' title='bbox 1121 3782 1264 3848; x_wconf 90' lang='lat' dir='ltr'>Primum</span> <span class='ocrx_word' id='word_1_215' title='bbox 1295 3783 1379 3847; x_wconf 90' lang='lat' dir='ltr'>enim</span> 
     </span>
     <span class='ocr_line' id='line_1_32' title="bbox 210 3889 1380 3976; baseline 0.001 -23"><span class='ocrx_word' id='word_1_216' title='bbox 210 3889 443 3953; x_wconf 90' lang='lat' dir='ltr'>Diomedem</span> <span class='ocrx_word' id='word_1_217' title='bbox 475 3895 507 3954; x_wconf 88' lang='lat' dir='ltr'>et</span> <span class='ocrx_word' id='word_1_218' title='bbox 537 3890 776 3956; x_wconf 89' lang='lat' dir='ltr'>Sthenelum</span> <span class='ocrx_word' id='word_1_219' title='bbox 808 3891 954 3976; x_wconf 76' lang='lat' dir='ltr'>iungir2)</span> <span class='ocrx_word' id='word_1_220' title='bbox 984 3890 1081 3956; x_wconf 90' lang='lat' dir='ltr'>simili</span> <span class='ocrx_word' id='word_1_221' title='bbox 1112 3892 1205 3954; x_wconf 90' lang='lat' dir='ltr'>modo</span> <span class='ocrx_word' id='word_1_222' title='bbox 1230 3890 1380 3970; x_wconf 85' lang='grc'><strong>66148,</strong></span> 
     </span>
     <span class='ocr_line' id='line_1_33' title="bbox 210 3993 1382 4083; baseline 0 -25"><span class='ocrx_word' id='word_1_223' title='bbox 210 3995 263 4059; x_wconf 92' lang='lat' dir='ltr'>ubi</span> <span class='ocrx_word' id='word_1_224' title='bbox 288 3995 459 4061; x_wconf 91' lang='lat' dir='ltr'>Diomedes</span> <span class='ocrx_word' id='word_1_225' title='bbox 483 3997 577 4064; x_wconf 90' lang='lat' dir='ltr'>dicit:</span> <span class='ocrx_word' id='word_1_226' title='bbox 602 4007 663 4060; x_wconf 80' lang='grc' dir='ltr'>νῶι</span> <span class='ocrx_word' id='word_1_227' title='bbox 679 3998 719 4070; x_wconf 86' lang='lat' dir='ltr'>d&#39;,</span> <span class='ocrx_word' id='word_1_228' title='bbox 745 3999 814 4083; x_wconf 78' lang='grc' dir='ltr'>ἐγὼ</span> <span class='ocrx_word' id='word_1_229' title='bbox 831 3996 1002 4080; x_wconf 75' lang='grc' dir='ltr'><strong><em>Σθένελός</em></strong></span> <span class='ocrx_word' id='word_1_230' title='bbox 1017 4017 1063 4071; x_wconf 83' lang='grc' dir='ltr'>τε,</span> <span class='ocrx_word' id='word_1_231' title='bbox 1085 3993 1315 4083; x_wconf 61' lang='lat' dir='ltr'>uugeoodued&#39;</span> <span class='ocrx_word' id='word_1_232' title='bbox 1332 4000 1382 4076; x_wconf 75' lang='lat' dir='ltr'>aig</span> 
     </span>
    </p>
   </div>
   <div class='ocr_carea' id='block_1_6' title="bbox 282 4241 614 4396">
    <p class='ocr_par' dir='ltr' id='par_1_7' title="bbox 282 4241 614 4396">
     <span class='ocr_line' id='line_1_34' title="bbox 283 4241 614 4317; baseline -0.018 -11"><span class='ocrx_word' id='word_1_233' title='bbox 283 4241 300 4306; x_wconf 87' lang='lat'>¹)</span> <span class='ocrx_word' id='word_1_234' title='bbox 319 4246 386 4300; x_wconf 93' lang='lat' dir='ltr'><em>bibl.</em></span> <span class='ocrx_word' id='word_1_235' title='bbox 407 4247 446 4299; x_wconf 92' lang='lat' dir='ltr'>Ill</span> <span class='ocrx_word' id='word_1_236' title='bbox 469 4248 518 4300; x_wconf 86' lang='grc'>129</span> <span class='ocrx_word' id='word_1_237' title='bbox 538 4265 614 4317; x_wconf 85' lang='lat' dir='ltr'>seqq.</span> 
     </span>
     <span class='ocr_line' id='line_1_35' title="bbox 282 4329 411 4396; baseline 0.016 -8"><span class='ocrx_word' id='word_1_238' title='bbox 282 4329 300 4396; x_wconf 79' lang='lat'>¹)</span> <span class='ocrx_word' id='word_1_239' title='bbox 319 4336 330 4388; x_wconf 93' lang='lat' dir='ltr'>l</span> <span class='ocrx_word' id='word_1_240' title='bbox 350 4335 411 4390; x_wconf 84' lang='lat'>469.</span> 
     </span>
    </p>
   </div>
   <div class='ocr_carea' id='block_1_7' title="bbox 0 0 1651 5034">
    <p class='ocr_par' dir='ltr' id='par_1_8' title="bbox 0 0 1651 5034">
     <span class='ocr_line' id='line_1_36' title="bbox 0 0 1651 5034; baseline 0 0"><span class='ocrx_word' id='word_1_241' title='bbox 0 0 1651 5034; x_wconf 95' lang='lat' dir='ltr'> </span> 
     </span>
    </p>
   </div>
  </div>
 </body>
</html>
