3292 5034
711 973 866 1076 Caput
893 975 959 1056 II:

392 1137 458 1198 lle
482 1136 649 1198 Achille
673 1138 794 1217 apud
817 1137 1056 1200 Chironem
1079 1140 1279 1202 educate.

316 1274 382 1339 Iam
408 1277 447 1340 ad
465 1277 600 1340 alteram
615 1282 739 1358 partem
755 1281 793 1341 ut
808 1277 1061 1362 progrediamur,
1085 1278 1179 1343 nobis
1193 1279 1418 1363 inquirendum

251 1383 347 1446 estin
368 1406 413 1463 ea,
437 1406 519 1467 quae
539 1385 578 1448 ad
594 1383 755 1447 Achillem
778 1385 862 1466 apud
879 1368 1051 1449 Chironem
1075 1387 1242 1450 educatum
1262 1390 1420 1469 spectant,

251 1511 287 1552 ea
318 1490 455 1570 ratione,
486 1496 521 1555 ut
552 1491 592 1555 ab
620 1490 761 1556 Homero
795 1491 933 1573 profecti
961 1492 1103 1556 fabulam
1132 1492 1219 1578 varie
1247 1493 1418 1558 formatam

250 1619 321 1660 cum
346 1597 429 1661 Stati
454 1597 577 1683 ratione
602 1620 822 1680 comparemus
846 1603 879 1663 et
902 1603 1081 1664 statuamus
1105 1597 1257 1682 primum,
1280 1623 1419 1684 quanam

250 1704 288 1766 de
312 1725 407 1768 causa
431 1703 575 1768 Achilles
589 1705 749 1770 Centauro
773 1704 880 1769 infans
904 1705 1042 1770 traditus
1065 1729 1142 1787 esse,
1165 1707 1286 1788 deinde,
1309 1712 1419 1772 utrum

168 1859 171 1862 .
238 1797 269 1873 a
295 1810 388 1874 Peleo
418 1833 457 1874 an
483 1835 501 1875 a
524 1811 676 1892 Thetide,
706 1817 787 1892 tum,
820 1833 884 1896 quo
917 1813 1011 1877 modo
1044 1813 1164 1877 Chiron
1197 1814 1417 1878 educationem

250 1917 429 1988 instituisse
452 1919 583 1984 feratur.

318 2023 426 2108 Atque
458 2024 634 2090 Homero
667 2026 793 2109 quidem
828 2025 943 2110 ignota
977 2031 1026 2090 est
1058 2026 1137 2091 haec
1169 2027 1288 2093 fabula.
1335 2027 1419 2092 Nam

251 2130 400 2194 omnibus
431 2131 510 2196 locis
540 2133 603 2196 huc
634 2132 856 2213 spectantibus
886 2132 986 2196 tradit
1016 2133 1109 2197 nobis
1139 2138 1235 2215 poeta
1259 2133 1418 2198 Achillem

251 2259 385 2318 puerum
410 2261 428 2302 a
452 2248 554 2303 matre
578 2239 693 2304 Pthiae
717 2239 802 2303 domi
826 2239 929 2321 patris
952 2239 1110 2305 nutritum
1125 2240 1148 2322 ¹)
1173 2264 1192 2304 a
1215 2240 1420 2306 Phoenice

251 2343 434 2410 inst'tutum
460 2367 527 2410 esse
552 2352 621 2410 arte
645 2346 759 2430 bellica
784 2351 815 2410 et
839 2345 1031 2428 rhetorica²)
1055 2370 1120 2411 una
1141 2368 1212 2413 cum
1229 2347 1419 2430 Patroclo⁸)‚

252 2474 356 2534 aquo
389 2453 561 2518 comitatus
590 2454 718 2519 Troiam
750 2454 914 2535 profectus
944 2453 1024 2535 sit4)
1056 2453 1191 2518 Thetide
1222 2477 1287 2518 non
1317 2453 1421 2518 invita

251 2558 357 2622 sertis·
379 2559 435 2623 filii
468 2560 613 2644 quamvis
644 2559 809 2642 conscia.⁵)
856 2559 932 2625 Non
965 2561 1049 2642 apud
1073 2559 1243 2625 Chironem
1267 2562 1421 2625 educatus

252 2688 318 2730 esse
343 2667 521 2749 traditur⁶)‚
545 2667 607 2731 nisi
631 2669 716 2752 quod
743 2667 971 2732 medicinae
1003 2667 1146 2732 imbutus
1169 2688 1238 2730 esse
1262 2666 1379 2732 dicitur
1402 2691 1421 2730 e

253 2772 390 2837 Chirone
403 2775 445 2857 ⁷),
491 2797 584 2858 quem
624 2796 750 2839 versum
788 2779 895 2838 tamen
934 2774 1058 2839 fontem
1097 2773 1198 2838 totius
1235 2773 1364 2838 fabulae
1402 2798 1421 2838 a

252 2873 484 2960 posterioribus
515 2886 627 2946 auctae
657 2881 726 2946 fieri
750 2881 892 2962 potuisse
916 2881 1086 2946 verisimile
1114 2884 1162 2944 est
1186 2884 1218 2944 et
1241 2880 1339 2945 fuisse
1362 2903 1420 2962 pro

252 2992 339 3051 certo
363 2987 504 3054 affirmat
528 2989 783 3072 Robertus⁸)‚
807 3011 879 3052 cum
896 2987 1139 3070 Gruppius⁹)
1159 2992 1259 3052 totam
1277 2988 1420 3053 fabulam

252 3093 316 3157 iam
345 3100 454 3159 notam
477 3096 574 3160 fuisse
599 3095 643 3176 ei,
674 3095 728 3180 qui
756 3095 844 3160 illam
876 3095 1025 3160 carminis
1048 3098 1173 3177 partem
1198 3093 1421 3176 composuerit,
1490 3086 1495 3096 ⁴

253 3200 458 3266 verisimilius
481 3225 548 3267 esse
573 3209 709 3269 censeat.
755 3203 872 3290 Colligi
896 3204 957 3269 hoc
973 3225 1067 3286 posse
1084 3204 1231 3282 concedo,
1254 3203 1309 3266 sed
1323 3224 1421 3287 argu·

252 3312 361 3372 menta
394 3310 517 3376 desunt.
563 3309 666 3376 Nobis
698 3313 903 3376 statuendum
937 3316 999 3392 est,
1030 3311 1101 3396 quis
1133 3309 1256 3392 primus
1278 3309 1421 3374 fabulam

329 3483 345 3550 ¹)
364 3486 389 3538 Σ
403 3488 545 3543 436-438
565 3509 596 3530 =
618 3491 651 3544 57
670 3506 761 3557 seqq.;
782 3490 815 3544 cf.
836 3488 862 3540 A
882 3490 942 3543 396.

318 3571 345 3642 .¹)
363 3577 384 3628 I
398 3577 549 3644 lli-443,
569 3579 603 3632 ef.
622 3577 675 3631 485
694 3595 770 3646 seqq.

327 3663 345 3728 ⁸)
370 3666 398 3717 Ψ
413 3667 526 3722 84-90.

327 3752 346 3819 ⁴)
365 3755 391 3806 A
411 3757 559 3812 res-784.

327 3841 345 3907 ⁸)
363 3844 388 3896 Σ
402 3846 552 3900 439-441.

327 3931 345 3997 ⁰)
366 3936 400 3990 cf.
420 3936 513 4000 Lehm,
533 3936 574 3991 De
593 3936 751 3991 Aristarchi
770 3936 871 3989 studiis
890 3936 1056 3998 Homericis,
1080 3935 1153 4003 Lips.
1175 3936 1250 3998 1865,
1270 3953 1334 4002 pag.
1356 3935 1422 3998 lem

254 4025 344 4080 Schol.
364 4025 492 4093 Apollon.
512 4025 600 4079 Rhod.
621 4027 633 4078 I
653 4025 718 4089 5583
741 4025 832 4079 Schol.
853 4025 932 4079 Pind.
952 4026 1032 4080 Nem.
1052 4026 1092 4077 Ill
1113 4025 1154 4079 75.

329 4111 346 4177 ⁷)
365 4113 469 4168 11832:
490 4115 524 4166 dv
537 4115 582 4178 (sc.
592 4114 741 4177 Achillem)
761 4112 881 4181 Χείρων
899 4110 1025 4180 ἐδίδαξε,
1039 4110 1221 4180 δικαιότατος
1233 4111 1421 4180 Κενταύρων.

328 4201 347 4269 ⁸)
365 4205 428 4258 Bild
446 4207 503 4259 und
522 4204 590 4260 Lied
609 4223 673 4273 pag.
695 4205 744 4258 123
764 4205 860 4258 adnot.
880 4205 922 4258 58.

329 4293 347 4360 ¹)
368 4294 476 4352 Griech.
497 4294 671 4365 Mythologie
692 4313 755 4365 pag.
776 4295 828 4352 668
847 4295 942 4352 adnot.
964 4295 987 4348 1.
