3292 5034
682 997 838 1100 caput
865 964 963 1078 111'2

434 1199 499 1259 De
523 1197 691 1259 Achille
715 1199 759 1259 et
783 1199 1017 1258 Deidamia
1040 1198 1214 1277 scyriis

305 1371 366 1436 His
389 1373 528 1453 peractis
561 1373 598 1436 ad
624 1371 751 1436 tertiam
778 1371 1007 1452 disputationis
1036 1377 1073 1435 ut
1096 1371 1261 1436 veniamus
1285 1375 1410 1452 partem

238 1479 332 1543 nobis
363 1479 531 1544 dicendum
563 1479 623 1542 erit
654 1479 692 1542 dc
724 1477 850 1542 Achille
874 1477 1006 1561 Scyrum
1039 1477 1071 1540 in
1103 1478 1240 1542 insulam
1267 1502 1285 1542 a
1308 1482 1410 1542 matre

238 1587 376 1651 abducto
393 1585 603 1670 virgineoque
620 1585 732 1650 habitu
743 1584 828 1649 inter
840 1584 1029 1666 Lycomedis
1042 1585 1125 1649 filias
1139 1592 1263 1650 morato
1281 1585 1411 1669 eiusque

238 1694 276 1756 de
309 1694 428 1757 furtiva
459 1715 529 1757 cum
564 1691 731 1756 Deidamia
762 1693 1001 1756 consuetudine.
1036 1730 1076 1737 —
1112 1692 1220 1756 Etiam
1252 1693 1331 1756 haec
1361 1715 1412 1757 res

238 1799 400 1863 celebrata
431 1800 494 1863 fuit
528 1799 629 1880 poetis
660 1805 691 1863 et
716 1797 894 1862 artificibus
918 1797 1061 1882 antiquis
1091 1804 1165 1879 post
1195 1799 1410 1864 Homerum

238 1907 292 1991 qui
317 1908 456 1971 fuerunt.
492 1906 554 1970 Hic
580 1905 673 1984 enim,
689 1910 726 1969 ut
744 1905 880 1969 Achillis
902 1906 985 1986 apud
1003 1905 1172 1970 Chironem
1190 1907 1410 1971 educationem

238 2015 378 2098 ignorat,
401 2013 448 2077 ita
469 2036 509 2077 nc
526 2013 609 2077 hanc
626 2013 753 2097 quidem
778 2009 957 2098 Ἀχιλλέως
979 2013 1018 2073 ἐν
1034 2012 1154 2094 Σκύρῳ
1178 2010 1410 2094 παρθένευσιν,

238 2126 275 2185 ut
299 2119 511 2200 Luciani¹)
543 2119 649 2184 verbis
672 2125 754 2198 utar4
786 2119 885 2197 novit,
909 2120 963 2182 sed
987 2119 1101 2183 Thetis
1131 2121 1164 2182 in
1188 2119 1287 2184 iliade
1310 2120 1410 2184 filium

239 2229 324 2294 bello
341 2227 480 2292 Troiano
505 2227 586 2290 dolis
610 2227 801 2290 subtrahere
826 2227 904 2289 adeo
929 2249 993 2290 non
1018 2228 1134 2304 studet,
1158 2230 1195 2290 ut
1219 2249 1289 2291 eum
1310 2249 1413 2311 gnara

239 2335 336 2400 sortis
352 2334 549 2398 imminentis
565 2334 696 2398 Troiam
712 2333 871 2414 proficisci
889 2333 1073 2415 patiatur.²)
1109 2333 1230 2398 Tamen
1247 2334 1412 2413 erraveris

240 2442 266 2506 si
290 2447 383 2524 putes
407 2441 525 2525 Scyri
555 2441 839 2522 apudHomerum
872 2441 1003 2504 omm'no
1026 2441 1221 2506 mentionem
1247 2465 1310 2506 non
1334 2442 1413 2521 fieri,

239 2550 336 2614 immo
372 2549 421 2613 bis
456 2549 596 2614 occurrit
630 2550 690 2614 hoc
725 2571 859 2614 nomen:
896 2547 919 2611 I
944 2548 1017 2627 667,
1047 2548 1102 2612 ubi
1135 2547 1225 2630 Iphis
1257 2551 1411 2632 quaedam

201 2680 203 2684 ’
240 2663 437 2738 memoratur
461 2656 601 2720 Patrocli
626 2655 813 2736 concubina,
837 2679 933 2739 quam
952 2655 1095 2718 Achilles
1120 2657 1294 2720 donaverat
1311 2656 1412 2720 amico

240 2763 374 2845 Σνῦρον
406 2761 496 2825 ἑλὼν
529 2765 658 2824 αἰπεῖαν
690 2761 828 2848 Ἐνυῆος
859 2759 1073 2843 πτολίεθρον.
1132 2761 1193 2826 Sed
1226 2763 1278 2827 hic
1311 2786 1413 2846 neque

241 2870 360 2954 Scyrus
383 2871 523 2934 insula
546 2867 874 2959 neque'Lycomedes>
890 2891 946 2933 rex
971 2869 1161 2950 appellatur.
1209 2869 1302 2933 Alter
1324 2870 1414 2934 locus

242 2982 347 3042 exstat
373 2975 402 3037 T
414 2979 477 3040 326
495 3000 569 3061 seq,
593 2977 648 3041 nbi
673 2975 818 3040 Achilles
842 2975 989 3039 meminit
1012 2977 1102 3056 pueri
1128 2979 1161 3040 in
1186 2976 1284 3060 Scyro
1309 2978 1414 3041 insula

241 3085 345 3148 relicti
379 3084 484 3148 verbis
518 3084 584 3149 his:
618 3084 658 3170 ἠὲ
683 3084 742 3145 τὸν
766 3084 805 3163 ὃς
829 3083 950 3164 Σκύρῳ
976 3102 1035 3161 μοι
1058 3083 1108 3145 ε’νι
1133 3085 1291 3166 τρέφεται
1315 3082 1415 3166 φίλος

241 3191 323 3269 ὺιός,
342 3189 391 3274 [εἰ
403 3207 467 3251 που
483 3189 533 3251 ἔτι
549 3191 630 3269 ζώει
642 3211 685 3274 νε
702 3189 946 3269 Νεοπτόλεμος
963 3188 1184 3276 θεοειὸής]3);
1209 3213 1290 3273 quos
1306 3195 1414 3255 tamen

241 3283 329 3363 locos
359 3297 591 3389 recentioribus
614 3297 722 3361 Iliadis
753 3297 947 3378 rhapsodiis‚
978 3302 1159 3381 quaesunt
1192 3297 1352 3378 πρεσβεία
1383 3303 1415 3361 et

242 3403 399 3491 Mqrcdog
422 3403 615 3490 dndppqocg,
640 3405 777 3469 insertos
801 3426 869 3468 esse
893 3405 1054 3469 Robertus
1077 3405 1210 3484 docem)

310 3513 379 3589 Quo
403 3518 548 3592 tempore
572 3517 604 3576 et
628 3536 691 3596 qua
715 3511 841 3575 ratione
864 3511 975 3575 fabula
992 3512 1030 3574 de
1047 3510 1173 3575 Achille
1190 3511 1287 3595 Scyro
1305 3512 1414 3576 abdito

242 3626 313 3685 orta
330 3620 380 3698 sit,
404 3619 535 3684 dubium
553 3626 609 3684 est.
649 3619 823 3683 Bethius
848 3617 974 3701 quidem
987 3615 1013 3697 ⁶)
1038 3640 1105 3681 eam
1124 3617 1277 3701 Cypriis
1301 3618 1415 3682 tribuit

243 3728 331 3791 nisus
352 3727 545 3811 testimoniis
562 3727 795 3790 Pausaniae
812 3725 857 3806 (X
871 3727 921 3804 26,
935 3725 968 3806 4)
986 3731 1018 3789 et
1034 3724 1225 3788 scholiastae
1242 3726 1280 3788 ad
1300 3724 1330 3786 T
1342 3727 1415 3805 326,

319 3939 335 4003 ¹)
354 3943 388 3996 de
408 3942 559 3996 saltatione
578 3940 696 3995 XXXIII
715 3941 759 3994 46.

319 4027 336 4094 'J
356 4032 391 4085 cf.
411 4030 563 4096 Σ58’-60,
586 4031 610 4082 Φ
629 4032 680 4085 277
700 4047 777 4097 seqq.

318 4118 336 4184 ⁸)
356 4141 380 4174 v.
401 4121 452 4174 327
472 4121 642 4175 damnarunt
661 4119 864 4187 Aristophanes
883 4125 913 4171 et
932 4117 1117 4170 Aristarchus.

317 4207 335 4272 ⁴)
354 4209 471 4264 Studien
490 4228 538 4262 zur
557 4211 631 4274 nias,
652 4211 745 4264 Berlin
767 4208 844 4270 1901,
864 4224 929 4275 pag.
949 4207 1009 4260 551.

318 4297 334 4363 '⁴1
354 4300 547 4355 Thebanischc
567 4300 764 4354 Heldenlieder
783 4316 848 4368 pag.
868 4298 900 4352 81
921 4298 1017 4353 adnot.
1037 4298 1060 4351 5.
