<?xml version="1.0" encoding="UTF-8"?>
<!DOCTYPE html PUBLIC "-//W3C//DTD XHTML 1.0 Transitional//EN"
    "http://www.w3.org/TR/xhtml1/DTD/xhtml1-transitional.dtd">
<html xmlns="http://www.w3.org/1999/xhtml" xml:lang="en" lang="en">
 <head>
  <title>
</title>
<meta http-equiv="Content-Type" content="text/html;charset=utf-8" />
  <meta name='ocr-system' content='tesseract 3.04.00' />
  <meta name='ocr-capabilities' content='ocr_page ocr_carea ocr_par ocr_line ocrx_word'/>
</head>
<body>
  <div class='ocr_page' id='page_1' title='image "./ppapiniusstatiu00kuergoog_0040.png"; bbox 0 0 3292 5034; ppageno 0'>
   <div class='ocr_carea' id='block_1_1' title="bbox 727 469 940 541">
    <p class='ocr_par' dir='ltr' id='par_1_1' title="bbox 727 469 940 541">
     <span class='ocr_line' id='line_1_1' title="bbox 727 469 940 541; baseline -0.009 -17"><span class='ocrx_word' id='word_1_1' title='bbox 727 469 940 541; x_wconf 47' lang='lat'>—342</span> 
     </span>
    </p>
   </div>
   <div class='ocr_carea' id='block_1_2' title="bbox 245 664 1418 1080">
    <p class='ocr_par' dir='ltr' id='par_1_2' title="bbox 245 664 1418 1080">
     <span class='ocr_line' id='line_1_2' title="bbox 247 664 1418 756; baseline -0.003 -19"><span class='ocrx_word' id='word_1_2' title='bbox 247 664 343 737; x_wconf 87' lang='lat' dir='ltr'>armis</span> <span class='ocrx_word' id='word_1_3' title='bbox 380 673 556 738; x_wconf 85' lang='lat' dir='ltr'>instructus</span> <span class='ocrx_word' id='word_1_4' title='bbox 572 672 596 756; x_wconf 83' lang='lat'>¹)</span> <span class='ocrx_word' id='word_1_5' title='bbox 632 697 650 736; x_wconf 88' lang='lat' dir='ltr'>a</span> <span class='ocrx_word' id='word_1_6' title='bbox 684 672 821 737; x_wconf 81' lang='lat' dir='ltr'>Chirone</span> <span class='ocrx_word' id='word_1_7' title='bbox 856 673 1014 754; x_wconf 82' lang='lat' dir='ltr'><strong>imprimis</strong></span> <span class='ocrx_word' id='word_1_8' title='bbox 1046 672 1191 737; x_wconf 87' lang='lat' dir='ltr'>venatui</span> <span class='ocrx_word' id='word_1_9' title='bbox 1211 669 1354 736; x_wconf 89' lang='lat' dir='ltr'>imbutus</span> <span class='ocrx_word' id='word_1_10' title='bbox 1386 676 1418 734; x_wconf 89' lang='lat' dir='ltr'>et</span> 
     </span>
     <span class='ocr_line' id='line_1_3' title="bbox 245 778 1417 861; baseline -0.003 -17"><span class='ocrx_word' id='word_1_11' title='bbox 245 782 361 861; x_wconf 90' lang='lat' dir='ltr'>pedum</span> <span class='ocrx_word' id='word_1_12' title='bbox 385 779 587 844; x_wconf 86' lang='lat' dir='ltr'>velocitatem</span> <span class='ocrx_word' id='word_1_13' title='bbox 623 802 769 844; x_wconf 84' lang='lat' dir='ltr'>exercere</span> <span class='ocrx_word' id='word_1_14' title='bbox 800 786 930 844; x_wconf 90' lang='lat' dir='ltr'>coactus</span> <span class='ocrx_word' id='word_1_15' title='bbox 955 786 1012 845; x_wconf 90' lang='lat' dir='ltr'>cst.</span> <span class='ocrx_word' id='word_1_16' title='bbox 1057 779 1151 844; x_wconf 84' lang='lat' dir='ltr'>Unde</span> <span class='ocrx_word' id='word_1_17' title='bbox 1175 780 1228 844; x_wconf 82' lang='lat' dir='ltr'>vix</span> <span class='ocrx_word' id='word_1_18' title='bbox 1252 778 1417 843; x_wconf 83' lang='lat' dir='ltr'><strong>duodecim</strong></span> 
     </span>
     <span class='ocr_line' id='line_1_4' title="bbox 245 888 1417 966; baseline -0.003 -14"><span class='ocrx_word' id='word_1_19' title='bbox 245 893 341 952; x_wconf 88' lang='lat' dir='ltr'>natus</span> <span class='ocrx_word' id='word_1_20' title='bbox 365 910 466 952; x_wconf 88' lang='lat' dir='ltr'>annos</span> <span class='ocrx_word' id='word_1_21' title='bbox 491 892 614 952; x_wconf 89' lang='lat' dir='ltr'>tantam</span> <span class='ocrx_word' id='word_1_22' title='bbox 639 888 835 952; x_wconf 77' lang='lat' dir='ltr'><strong>celeritatem</strong></span> <span class='ocrx_word' id='word_1_23' title='bbox 861 893 1026 952; x_wconf 89' lang='lat' dir='ltr'>assecutus</span> <span class='ocrx_word' id='word_1_24' title='bbox 1050 892 1106 965; x_wconf 83' lang='lat' dir='ltr'>est,</span> <span class='ocrx_word' id='word_1_25' title='bbox 1130 892 1167 951; x_wconf 91' lang='lat' dir='ltr'>ut</span> <span class='ocrx_word' id='word_1_26' title='bbox 1191 909 1300 951; x_wconf 89' lang='lat' dir='ltr'>cervos</span> <span class='ocrx_word' id='word_1_27' title='bbox 1323 907 1417 966; x_wconf 91' lang='lat' dir='ltr'>prae-</span> 
     </span>
     <span class='ocr_line' id='line_1_5' title="bbox 245 995 1418 1080; baseline -0.005 -19"><span class='ocrx_word' id='word_1_28' title='bbox 245 1000 385 1061; x_wconf 74' lang='lat' dir='ltr'>verteret</span> <span class='ocrx_word' id='word_1_29' title='bbox 423 996 554 1080; x_wconf 81' lang='lat' dir='ltr'>fugaces</span> <span class='ocrx_word' id='word_1_30' title='bbox 598 1002 629 1058; x_wconf 90' lang='lat' dir='ltr'>et</span> <span class='ocrx_word' id='word_1_31' title='bbox 670 995 823 1079; x_wconf 83' lang='lat' dir='ltr'>Lapithas</span> <span class='ocrx_word' id='word_1_32' title='bbox 862 1017 954 1080; x_wconf 82' lang='lat' dir='ltr'>equos</span> <span class='ocrx_word' id='word_1_33' title='bbox 993 999 1025 1058; x_wconf 91' lang='lat' dir='ltr'>et</span> <span class='ocrx_word' id='word_1_34' title='bbox 1064 995 1129 1058; x_wconf 90' lang='lat' dir='ltr'>tela</span> <span class='ocrx_word' id='word_1_35' title='bbox 1168 1000 1418 1076; x_wconf 81' lang='lat' dir='ltr'>consequeretur</span> 
     </span>
    </p>
   </div>
   <div class='ocr_carea' id='block_1_3' title="bbox 245 1101 1451 3332">
    <p class='ocr_par' dir='ltr' id='par_1_3' title="bbox 245 1101 1451 2242">
     <span class='ocr_line' id='line_1_6' title="bbox 246 1101 1418 1185; baseline -0.002 -18"><span class='ocrx_word' id='word_1_36' title='bbox 246 1103 400 1185; x_wconf 72' lang='lat' dir='ltr'>emissa.⁹)</span> <span class='ocrx_word' id='word_1_37' title='bbox 428 1102 589 1167; x_wconf 80' lang='lat' dir='ltr'><strong>Achillem</strong></span> <span class='ocrx_word' id='word_1_38' title='bbox 606 1103 806 1167; x_wconf 88' lang='lat' dir='ltr'>celerrimum</span> <span class='ocrx_word' id='word_1_39' title='bbox 823 1102 923 1167; x_wconf 85' lang='lat' dir='ltr'>fuisse</span> <span class='ocrx_word' id='word_1_40' title='bbox 939 1103 1132 1167; x_wconf 83' lang='lat' dir='ltr'>Graecorum</span> <span class='ocrx_word' id='word_1_41' title='bbox 1151 1101 1212 1164; x_wconf 87' lang='lat' dir='ltr'>iam</span> <span class='ocrx_word' id='word_1_42' title='bbox 1232 1101 1418 1165; x_wconf 86' lang='lat' dir='ltr'>Homerus</span> 
     </span>
     <span class='ocr_line' id='line_1_7' title="bbox 246 1207 1418 1302; baseline -0.001 -28"><span class='ocrx_word' id='word_1_43' title='bbox 246 1211 409 1295; x_wconf 83' lang='lat' dir='ltr'>significat</span> <span class='ocrx_word' id='word_1_44' title='bbox 440 1209 591 1291; x_wconf 85' lang='lat' dir='ltr'>epithetis</span> <span class='ocrx_word' id='word_1_45' title='bbox 622 1210 730 1293; x_wconf 88' lang='lat' dir='ltr'>qualia</span> <span class='ocrx_word' id='word_1_46' title='bbox 761 1215 838 1274; x_wconf 89' lang='lat' dir='ltr'>sunt</span> <span class='ocrx_word' id='word_1_47' title='bbox 860 1209 969 1302; x_wconf 73' lang='lat' dir='ltr'>oddag</span> <span class='ocrx_word' id='word_1_48' title='bbox 992 1210 1082 1289; x_wconf 71' lang='grc' dir='ltr'><strong><em>ὠκύς</em></strong></span> <span class='ocrx_word' id='word_1_49' title='bbox 1112 1207 1159 1292; x_wconf 82' lang='grc' dir='ltr'>(Α</span> <span class='ocrx_word' id='word_1_50' title='bbox 1183 1212 1224 1273; x_wconf 87' lang='lat'>58</span> <span class='ocrx_word' id='word_1_51' title='bbox 1250 1208 1337 1290; x_wconf 87' lang='lat' dir='ltr'>alib.)</span> <span class='ocrx_word' id='word_1_52' title='bbox 1368 1210 1418 1273; x_wconf 82' lang='lat' dir='ltr'>uel</span> 
     </span>
     <span class='ocr_line' id='line_1_8' title="bbox 245 1314 1418 1404; baseline 0.001 -25"><span class='ocrx_word' id='word_1_53' title='bbox 245 1317 417 1404; x_wconf 75' lang='lat' dir='ltr'>aoddprqg</span> <span class='ocrx_word' id='word_1_54' title='bbox 446 1314 492 1398; x_wconf 81' lang='lat' dir='ltr'>(A</span> <span class='ocrx_word' id='word_1_55' title='bbox 519 1318 590 1395; x_wconf 86' lang='grc'><strong>121,</strong></span> <span class='ocrx_word' id='word_1_56' title='bbox 614 1314 648 1376; x_wconf 86' lang='grc' dir='ltr'><strong><em>Β</em></strong></span> <span class='ocrx_word' id='word_1_57' title='bbox 670 1318 733 1381; x_wconf 86' lang='grc'>688</span> <span class='ocrx_word' id='word_1_58' title='bbox 759 1315 821 1395; x_wconf 86' lang='lat' dir='ltr'>al),</span> <span class='ocrx_word' id='word_1_59' title='bbox 853 1316 969 1400; x_wconf 88' lang='lat' dir='ltr'>quibus</span> <span class='ocrx_word' id='word_1_60' title='bbox 1000 1318 1172 1380; x_wconf 88' lang='lat' dir='ltr'>adductum</span> <span class='ocrx_word' id='word_1_61' title='bbox 1203 1316 1342 1380; x_wconf 80' lang='lat' dir='ltr'>Statium</span> <span class='ocrx_word' id='word_1_62' title='bbox 1373 1340 1418 1395; x_wconf 84' lang='lat' dir='ltr'>ea,</span> 
     </span>
     <span class='ocr_line' id='line_1_9' title="bbox 246 1423 1419 1509; baseline -0.002 -20"><span class='ocrx_word' id='word_1_63' title='bbox 246 1443 327 1509; x_wconf 85' lang='lat' dir='ltr'>quae</span> <span class='ocrx_word' id='word_1_64' title='bbox 351 1425 445 1488; x_wconf 91' lang='lat' dir='ltr'>modo</span> <span class='ocrx_word' id='word_1_65' title='bbox 469 1426 507 1488; x_wconf 89' lang='lat' dir='ltr'>de</span> <span class='ocrx_word' id='word_1_66' title='bbox 526 1423 663 1488; x_wconf 86' lang='lat' dir='ltr'>Achillis</span> <span class='ocrx_word' id='word_1_67' title='bbox 687 1423 892 1504; x_wconf 86' lang='lat' dir='ltr'>exposuimus</span> <span class='ocrx_word' id='word_1_68' title='bbox 916 1423 1089 1503; x_wconf 87' lang='lat' dir='ltr'>celeritate,</span> <span class='ocrx_word' id='word_1_69' title='bbox 1113 1447 1171 1488; x_wconf 88' lang='lat' dir='ltr'>sua</span> <span class='ocrx_word' id='word_1_70' title='bbox 1191 1429 1259 1488; x_wconf 87' lang='lat' dir='ltr'>arte</span> <span class='ocrx_word' id='word_1_71' title='bbox 1275 1425 1419 1509; x_wconf 86' lang='lat' dir='ltr'>fingendi</span> 
     </span>
     <span class='ocr_line' id='line_1_10' title="bbox 246 1531 1417 1617; baseline -0.001 -20"><span class='ocrx_word' id='word_1_72' title='bbox 246 1532 445 1617; x_wconf 82' lang='lat' dir='ltr'>excogitasse</span> <span class='ocrx_word' id='word_1_73' title='bbox 469 1531 623 1613; x_wconf 88' lang='lat' dir='ltr'>suspicari</span> <span class='ocrx_word' id='word_1_74' title='bbox 649 1531 765 1614; x_wconf 88' lang='lat' dir='ltr'>aliquis</span> <span class='ocrx_word' id='word_1_75' title='bbox 787 1537 904 1614; x_wconf 81' lang='lat' dir='ltr'>posset,</span> <span class='ocrx_word' id='word_1_76' title='bbox 928 1531 990 1596; x_wconf 94' lang='lat' dir='ltr'>nisi</span> <span class='ocrx_word' id='word_1_77' title='bbox 1007 1537 1171 1596; x_wconf 83' lang='lat' dir='ltr'>exstarent</span> <span class='ocrx_word' id='word_1_78' title='bbox 1187 1531 1259 1608; x_wconf 81' lang='lat' dir='ltr'>loci,</span> <span class='ocrx_word' id='word_1_79' title='bbox 1283 1555 1417 1615; x_wconf 88' lang='lat' dir='ltr'>quorum</span> 
     </span>
     <span class='ocr_line' id='line_1_11' title="bbox 246 1639 1418 1720; baseline 0.001 -16"><span class='ocrx_word' id='word_1_80' title='bbox 246 1662 418 1704; x_wconf 90' lang='lat' dir='ltr'>memorem</span> <span class='ocrx_word' id='word_1_81' title='bbox 450 1644 577 1720; x_wconf 90' lang='lat' dir='ltr'>poetam</span> <span class='ocrx_word' id='word_1_82' title='bbox 609 1639 682 1702; x_wconf 92' lang='lat' dir='ltr'>illos</span> <span class='ocrx_word' id='word_1_83' title='bbox 713 1661 823 1703; x_wconf 89' lang='lat' dir='ltr'>versus</span> <span class='ocrx_word' id='word_1_84' title='bbox 854 1639 1004 1720; x_wconf 87' lang='lat' dir='ltr'>panxisse</span> <span class='ocrx_word' id='word_1_85' title='bbox 1037 1639 1241 1703; x_wconf 87' lang='lat' dir='ltr'>verisimilius</span> <span class='ocrx_word' id='word_1_86' title='bbox 1272 1644 1336 1718; x_wconf 88' lang='lat' dir='ltr'>est,</span> <span class='ocrx_word' id='word_1_87' title='bbox 1367 1640 1418 1705; x_wconf 90' lang='lat' dir='ltr'>hi:</span> 
     </span>
     <span class='ocr_line' id='line_1_12' title="bbox 247 1746 1420 1830; baseline 0 -20"><span class='ocrx_word' id='word_1_88' title='bbox 247 1748 418 1811; x_wconf 90' lang='lat' dir='ltr'>Pindari</span> <span class='ocrx_word' id='word_1_89' title='bbox 442 1746 533 1811; x_wconf 90' lang='lat' dir='ltr'>Nem.</span> <span class='ocrx_word' id='word_1_90' title='bbox 559 1749 600 1811; x_wconf 74' lang='lat'>43</span> <span class='ocrx_word' id='word_1_91' title='bbox 623 1769 718 1830; x_wconf 85' lang='lat' dir='ltr'>seqq,</span> <span class='ocrx_word' id='word_1_92' title='bbox 742 1747 798 1810; x_wconf 93' lang='lat' dir='ltr'>ubi</span> <span class='ocrx_word' id='word_1_93' title='bbox 822 1747 960 1811; x_wconf 87' lang='lat' dir='ltr'>Achillis</span> <span class='ocrx_word' id='word_1_94' title='bbox 984 1747 1076 1828; x_wconf 91' lang='lat' dir='ltr'>pueri</span> <span class='ocrx_word' id='word_1_95' title='bbox 1100 1752 1171 1811; x_wconf 89' lang='lat' dir='ltr'>acta</span> <span class='ocrx_word' id='word_1_96' title='bbox 1195 1747 1420 1812; x_wconf 88' lang='lat' dir='ltr'>describuntur</span> 
     </span>
     <span class='ocr_line' id='line_1_13' title="bbox 247 1849 1451 1942; baseline -0.003 -22"><span class='ocrx_word' id='word_1_97' title='bbox 247 1879 274 1918; x_wconf 80' lang='lat' dir='ltr'>u.</span> <span class='ocrx_word' id='word_1_98' title='bbox 289 1857 347 1919; x_wconf 87' lang='lat'>50:</span> <span class='ocrx_word' id='word_1_99' title='bbox 372 1849 433 1916; x_wconf 84' lang='grc' dir='ltr'>τὸν</span> <span class='ocrx_word' id='word_1_100' title='bbox 454 1850 626 1934; x_wconf 73' lang='grc' dir='ltr'><strong><em>ἐθάμβεον</em></strong></span> <span class='ocrx_word' id='word_1_101' title='bbox 646 1852 797 1936; x_wconf 75' lang='grc' dir='ltr'><strong><em>Ἄρτεμίς</em></strong></span> <span class='ocrx_word' id='word_1_102' title='bbox 816 1855 923 1915; x_wconf 80' lang='grc' dir='ltr'><strong><em>τεκαὶ</em></strong></span> <span class='ocrx_word' id='word_1_103' title='bbox 938 1851 1068 1935; x_wconf 72' lang='grc' dir='ltr'><em>θρασεῖ’</em></span> <span class='ocrx_word' id='word_1_104' title='bbox 1092 1851 1214 1916; x_wconf 70' lang='lat' dir='ltr'>’ridden</span> <span class='ocrx_word' id='word_1_105' title='bbox 1230 1855 1419 1916; x_wconf 65' lang='grc' dir='ltr'><strong><em>κτείνοντ’</em></strong></span> <span class='ocrx_word' id='word_1_106' title='bbox 1449 1939 1451 1942; x_wconf 8' lang='lat' dir='ltr'>y</span> 
     </span>
     <span class='ocr_line' id='line_1_14' title="bbox 246 1958 1420 2046; baseline -0.001 -22"><span class='ocrx_word' id='word_1_107' title='bbox 246 1961 438 2044; x_wconf 74' lang='grc' dir='ltr'><strong><em>ἐλάφους</em></strong></span> <span class='ocrx_word' id='word_1_108' title='bbox 483 1961 565 2022; x_wconf 81' lang='lat' dir='ltr'>drea</span> <span class='ocrx_word' id='word_1_109' title='bbox 611 1970 723 2023; x_wconf 80' lang='grc' dir='ltr'><strong><em>κυνῶν</em></strong></span> <span class='ocrx_word' id='word_1_110' title='bbox 762 1960 888 2023; x_wconf 70' lang='lat' dir='ltr'>dottam</span> <span class='ocrx_word' id='word_1_111' title='bbox 926 1958 957 2023; x_wconf 72' lang='grc' dir='ltr'>θ’</span> <span class='ocrx_word' id='word_1_112' title='bbox 981 1961 1137 2043; x_wconf 80' lang='grc' dir='ltr'><strong><em>ἑρκέων·</em></strong></span> <span class='ocrx_word' id='word_1_113' title='bbox 1177 1966 1304 2025; x_wconf 80' lang='grc' dir='ltr'><strong><em>ποσσὶ</em></strong></span> <span class='ocrx_word' id='word_1_114' title='bbox 1338 1963 1420 2046; x_wconf 74' lang='grc' dir='ltr'>γάρ</span> 
     </span>
     <span class='ocr_line' id='line_1_15' title="bbox 246 2065 1421 2153; baseline 0.002 -22"><span class='ocrx_word' id='word_1_115' title='bbox 246 2069 472 2151; x_wconf 78' lang='grc' dir='ltr'><strong><em>κράτεσκε,</em></strong></span> <span class='ocrx_word' id='word_1_116' title='bbox 507 2073 540 2134; x_wconf 91' lang='lat' dir='ltr'>et</span> <span class='ocrx_word' id='word_1_117' title='bbox 574 2065 937 2150; x_wconf 73' lang='lat' dir='ltr'>praecipue&#39;Catulli</span> <span class='ocrx_word' id='word_1_118' title='bbox 974 2071 1015 2132; x_wconf 85' lang='grc'>64</span> <span class='ocrx_word' id='word_1_119' title='bbox 1050 2092 1128 2135; x_wconf 81' lang='lat' dir='ltr'>vers,</span> <span class='ocrx_word' id='word_1_120' title='bbox 1161 2072 1226 2134; x_wconf 82' lang='lat'>340</span> <span class='ocrx_word' id='word_1_121' title='bbox 1259 2093 1332 2153; x_wconf 78' lang='lat' dir='ltr'>seq,</span> <span class='ocrx_word' id='word_1_122' title='bbox 1365 2069 1421 2133; x_wconf 89' lang='lat' dir='ltr'>ubi</span> 
     </span>
     <span class='ocr_line' id='line_1_16' title="bbox 247 2177 627 2242; baseline 0.003 -1"><span class='ocrx_word' id='word_1_123' title='bbox 247 2178 366 2241; x_wconf 88' lang='lat' dir='ltr'>Parcae</span> <span class='ocrx_word' id='word_1_124' title='bbox 391 2177 627 2242; x_wconf 78' lang='lat' dir='ltr'>vaticinantur:</span> 
     </span>
    </p>

    <p class='ocr_par' dir='ltr' id='par_1_4' title="bbox 412 2283 1154 2366">
     <span class='ocr_line' id='line_1_17' title="bbox 412 2283 1154 2366; baseline -0.003 -16"><span class='ocrx_word' id='word_1_125' title='bbox 412 2283 581 2363; x_wconf 82' lang='lat' dir='ltr'>(Nascetur</span> <span class='ocrx_word' id='word_1_126' title='bbox 604 2283 686 2347; x_wconf 82' lang='lat' dir='ltr'>robis</span> <span class='ocrx_word' id='word_1_127' title='bbox 710 2305 815 2366; x_wconf 74' lang='lat' dir='ltr'>expers</span> <span class='ocrx_word' id='word_1_128' title='bbox 843 2287 971 2348; x_wconf 79' lang='lat' dir='ltr'>terroris</span> <span class='ocrx_word' id='word_1_129' title='bbox 994 2286 1154 2366; x_wconf 79' lang='lat' dir='ltr'>Achillea),</span> 
     </span>
    </p>

    <p class='ocr_par' dir='ltr' id='par_1_5' title="bbox 410 2391 1177 2474">
     <span class='ocr_line' id='line_1_18' title="bbox 410 2391 1177 2474; baseline 0.001 -20"><span class='ocrx_word' id='word_1_130' title='bbox 410 2391 471 2469; x_wconf 77' lang='lat' dir='ltr'>Qui</span> <span class='ocrx_word' id='word_1_131' title='bbox 490 2413 639 2474; x_wconf 75' lang='lat' dir='ltr'>persaepe</span> <span class='ocrx_word' id='word_1_132' title='bbox 662 2413 737 2473; x_wconf 77' lang='lat' dir='ltr'>rapo</span> <span class='ocrx_word' id='word_1_133' title='bbox 762 2393 858 2455; x_wconf 79' lang='lat' dir='ltr'>victor</span> <span class='ocrx_word' id='word_1_134' title='bbox 880 2394 1045 2455; x_wconf 74' lang='lat' dir='ltr'>certamine</span> <span class='ocrx_word' id='word_1_135' title='bbox 1068 2415 1177 2456; x_wconf 84' lang='lat' dir='ltr'>careas</span> 
     </span>
    </p>

    <p class='ocr_par' dir='ltr' id='par_1_6' title="bbox 247 2499 1423 3332">
     <span class='ocr_line' id='line_1_19' title="bbox 404 2499 1294 2582; baseline 0.003 -22"><span class='ocrx_word' id='word_1_136' title='bbox 404 2499 549 2580; x_wconf 74' lang='lat' dir='ltr'>flammea</span> <span class='ocrx_word' id='word_1_137' title='bbox 567 2505 803 2582; x_wconf 77' lang='lat' dir='ltr'>praevertet</span> <span class='ocrx_word' id='word_1_138' title='bbox 828 2499 971 2562; x_wconf 81' lang='lat' dir='ltr'>celeria</span> <span class='ocrx_word' id='word_1_139' title='bbox 993 2501 1119 2582; x_wconf 76' lang='lat' dir='ltr'>oeetipia</span> <span class='ocrx_word' id='word_1_140' title='bbox 1143 2521 1294 2581; x_wconf 79' lang='lat' dir='ltr'>cereae,</span> 
     </span>
     <span class='ocr_line' id='line_1_20' title="bbox 248 2605 1421 2690; baseline -0.001 -21"><span class='ocrx_word' id='word_1_141' title='bbox 248 2605 332 2688; x_wconf 92' lang='lat' dir='ltr'>quod</span> <span class='ocrx_word' id='word_1_142' title='bbox 348 2605 518 2669; x_wconf 81' lang='lat' dir='ltr'>Parcarum</span> <span class='ocrx_word' id='word_1_143' title='bbox 533 2605 718 2668; x_wconf 85' lang='lat' dir='ltr'>vaticinium</span> <span class='ocrx_word' id='word_1_144' title='bbox 733 2605 830 2669; x_wconf 87' lang='lat' dir='ltr'>etiam</span> <span class='ocrx_word' id='word_1_145' title='bbox 844 2605 877 2668; x_wconf 94' lang='lat' dir='ltr'>in</span> <span class='ocrx_word' id='word_1_146' title='bbox 891 2605 1035 2670; x_wconf 87' lang='lat' dir='ltr'>versibus</span> <span class='ocrx_word' id='word_1_147' title='bbox 1048 2605 1245 2670; x_wconf 86' lang='lat' dir='ltr'>Achilleidos</span> <span class='ocrx_word' id='word_1_148' title='bbox 1257 2605 1273 2671; x_wconf 92' lang='lat' dir='ltr'>I</span> <span class='ocrx_word' id='word_1_149' title='bbox 1284 2608 1326 2670; x_wconf 78' lang='lat'>84</span> <span class='ocrx_word' id='word_1_150' title='bbox 1335 2629 1421 2690; x_wconf 89' lang='lat' dir='ltr'>seqq.</span> 
     </span>
     <span class='ocr_line' id='line_1_21' title="bbox 248 2711 1421 2796; baseline 0.003 -22"><span class='ocrx_word' id='word_1_151' title='bbox 248 2711 427 2796; x_wconf 82' lang='lat' dir='ltr'>pangendis</span> <span class='ocrx_word' id='word_1_152' title='bbox 451 2711 556 2777; x_wconf 84' lang='lat' dir='ltr'>Statio</span> <span class='ocrx_word' id='word_1_153' title='bbox 579 2713 784 2776; x_wconf 88' lang='lat' dir='ltr'>obversatum</span> <span class='ocrx_word' id='word_1_154' title='bbox 809 2735 877 2776; x_wconf 87' lang='lat' dir='ltr'>esse</span> <span class='ocrx_word' id='word_1_155' title='bbox 900 2712 962 2776; x_wconf 89' lang='lat' dir='ltr'>iam</span> <span class='ocrx_word' id='word_1_156' title='bbox 988 2736 1086 2794; x_wconf 89' lang='lat' dir='ltr'>supra</span> <span class='ocrx_word' id='word_1_157' title='bbox 1101 2714 1255 2795; x_wconf 90' lang='lat' dir='ltr'>suspicati</span> <span class='ocrx_word' id='word_1_158' title='bbox 1272 2714 1421 2795; x_wconf 71' lang='lat' dir='ltr'>sumna³l</span> 
     </span>
     <span class='ocr_line' id='line_1_22' title="bbox 249 2818 1422 2902; baseline 0.002 -20"><span class='ocrx_word' id='word_1_159' title='bbox 249 2818 340 2893; x_wconf 82' lang='lat' dir='ltr'>Quod</span> <span class='ocrx_word' id='word_1_160' title='bbox 374 2818 452 2882; x_wconf 90' lang='lat' dir='ltr'>dicit</span> <span class='ocrx_word' id='word_1_161' title='bbox 483 2823 580 2899; x_wconf 89' lang='lat' dir='ltr'>poeta</span> <span class='ocrx_word' id='word_1_162' title='bbox 612 2819 643 2883; x_wconf 92' lang='grc' dir='ltr'>ΙΙ</span> <span class='ocrx_word' id='word_1_163' title='bbox 672 2821 731 2884; x_wconf 88' lang='grc'>117</span> <span class='ocrx_word' id='word_1_164' title='bbox 756 2841 844 2902; x_wconf 87' lang='lat' dir='ltr'>seqq.</span> <span class='ocrx_word' id='word_1_165' title='bbox 877 2819 1036 2883; x_wconf 86' lang='lat' dir='ltr'>Achillem</span> <span class='ocrx_word' id='word_1_166' title='bbox 1071 2820 1193 2884; x_wconf 90' lang='lat' dir='ltr'>iussum</span> <span class='ocrx_word' id='word_1_167' title='bbox 1226 2843 1294 2884; x_wconf 89' lang='lat' dir='ltr'>esse</span> <span class='ocrx_word' id='word_1_168' title='bbox 1327 2843 1422 2902; x_wconf 90' lang='lat' dir='ltr'>super</span> 
     </span>
     <span class='ocr_line' id='line_1_23' title="bbox 247 2925 1420 3010; baseline 0.003 -22"><span class='ocrx_word' id='word_1_169' title='bbox 247 2925 362 2990; x_wconf 85' lang='lat' dir='ltr'>fluvios</span> <span class='ocrx_word' id='word_1_170' title='bbox 386 2925 507 3010; x_wconf 80' lang='lat' dir='ltr'>frigore</span> <span class='ocrx_word' id='word_1_171' title='bbox 533 2927 625 2990; x_wconf 91' lang='lat' dir='ltr'>modo</span> <span class='ocrx_word' id='word_1_172' title='bbox 649 2931 816 2990; x_wconf 89' lang='lat' dir='ltr'>concretos</span> <span class='ocrx_word' id='word_1_173' title='bbox 839 2925 920 3004; x_wconf 86' lang='lat' dir='ltr'>labi,</span> <span class='ocrx_word' id='word_1_174' title='bbox 944 2927 1005 2990; x_wconf 94' lang='lat' dir='ltr'>hoc</span> <span class='ocrx_word' id='word_1_175' title='bbox 1030 2926 1211 2992; x_wconf 80' lang='lat' dir='ltr'>Thebaidos</span> <span class='ocrx_word' id='word_1_176' title='bbox 1234 2927 1281 2992; x_wconf 89' lang='lat' dir='ltr'>IX</span> <span class='ocrx_word' id='word_1_177' title='bbox 1304 2952 1332 2993; x_wconf 80' lang='lat' dir='ltr'>v.</span> <span class='ocrx_word' id='word_1_178' title='bbox 1358 2930 1420 2994; x_wconf 82' lang='lat'>797</span> 
     </span>
     <span class='ocr_line' id='line_1_24' title="bbox 248 3031 1422 3116; baseline 0.003 -21"><span class='ocrx_word' id='word_1_179' title='bbox 248 3054 369 3096; x_wconf 89' lang='lat' dir='ltr'>memor</span> <span class='ocrx_word' id='word_1_180' title='bbox 394 3032 518 3096; x_wconf 87' lang='lat' dir='ltr'>videtur</span> <span class='ocrx_word' id='word_1_181' title='bbox 542 3033 680 3112; x_wconf 84' lang='lat' dir='ltr'>finxisse,</span> <span class='ocrx_word' id='word_1_182' title='bbox 704 3031 759 3097; x_wconf 94' lang='lat' dir='ltr'>ubi</span> <span class='ocrx_word' id='word_1_183' title='bbox 784 3033 867 3096; x_wconf 92' lang='lat' dir='ltr'>idem</span> <span class='ocrx_word' id='word_1_184' title='bbox 892 3037 1002 3096; x_wconf 88' lang='lat' dir='ltr'>narrat</span> <span class='ocrx_word' id='word_1_185' title='bbox 1025 3034 1063 3097; x_wconf 90' lang='lat' dir='ltr'>de</span> <span class='ocrx_word' id='word_1_186' title='bbox 1081 3034 1334 3116; x_wconf 89' lang='lat' dir='ltr'>Parthenopaeo.</span> <span class='ocrx_word' id='word_1_187' title='bbox 1374 3036 1422 3098; x_wconf 91' lang='lat' dir='ltr'>De</span> 
     </span>
     <span class='ocr_line' id='line_1_25' title="bbox 248 3139 1423 3221; baseline 0.003 -19"><span class='ocrx_word' id='word_1_188' title='bbox 248 3144 366 3204; x_wconf 88' lang='lat' dir='ltr'>venatu</span> <span class='ocrx_word' id='word_1_189' title='bbox 397 3139 460 3202; x_wconf 88' lang='lat' dir='ltr'>iam</span> <span class='ocrx_word' id='word_1_190' title='bbox 485 3140 554 3221; x_wconf 91' lang='lat' dir='ltr'>ipso</span> <span class='ocrx_word' id='word_1_191' title='bbox 583 3145 618 3204; x_wconf 91' lang='lat' dir='ltr'>ut</span> <span class='ocrx_word' id='word_1_192' title='bbox 642 3162 745 3221; x_wconf 88' lang='lat' dir='ltr'>pauca</span> <span class='ocrx_word' id='word_1_193' title='bbox 769 3141 936 3218; x_wconf 81' lang='lat' dir='ltr'>addamne,</span> <span class='ocrx_word' id='word_1_194' title='bbox 960 3139 1118 3204; x_wconf 84' lang='lat' dir='ltr'>Achillem</span> <span class='ocrx_word' id='word_1_195' title='bbox 1145 3164 1254 3206; x_wconf 86' lang='lat' dir='ltr'>cervos</span> <span class='ocrx_word' id='word_1_196' title='bbox 1278 3142 1423 3206; x_wconf 90' lang='lat' dir='ltr'>imbelles</span> 
     </span>
     <span class='ocr_line' id='line_1_26' title="bbox 249 3246 1423 3332; baseline 0.003 -23"><span class='ocrx_word' id='word_1_197' title='bbox 249 3251 281 3310; x_wconf 91' lang='lat' dir='ltr'>et</span> <span class='ocrx_word' id='word_1_198' title='bbox 305 3248 412 3332; x_wconf 77' lang='lat' dir='ltr'>lyncas</span> <span class='ocrx_word' id='word_1_199' title='bbox 435 3246 601 3328; x_wconf 51' lang='lat' dir='ltr'>timidam)</span> <span class='ocrx_word' id='word_1_200' title='bbox 630 3247 739 3311; x_wconf 88' lang='lat' dir='ltr'>venari</span> <span class='ocrx_word' id='word_1_201' title='bbox 764 3246 885 3311; x_wconf 83' lang='lat' dir='ltr'>Chiron</span> <span class='ocrx_word' id='word_1_202' title='bbox 908 3270 1083 3330; x_wconf 87' lang='lat' dir='ltr'>numquam</span> <span class='ocrx_word' id='word_1_203' title='bbox 1108 3271 1220 3330; x_wconf 88' lang='lat' dir='ltr'>passus</span> <span class='ocrx_word' id='word_1_204' title='bbox 1244 3254 1301 3329; x_wconf 87' lang='lat' dir='ltr'>est,</span> <span class='ocrx_word' id='word_1_205' title='bbox 1326 3249 1423 3313; x_wconf 94' lang='lat' dir='ltr'>immo</span> 
     </span>
    </p>
   </div>
   <div class='ocr_carea' id='block_1_4' title="bbox 249 3391 461 3398">
    <p class='ocr_par' dir='ltr' id='par_1_7' title="bbox 249 3391 461 3398">
     <span class='ocr_line' id='line_1_27' title="bbox 249 3391 461 3398; baseline 0.005 -1"><span class='ocrx_word' id='word_1_206' title='bbox 249 3391 461 3398; x_wconf 41' lang='grc' dir='ltr'>*ιι-η.-</span> 
     </span>
    </p>
   </div>
   <div class='ocr_carea' id='block_1_5' title="bbox 325 3457 1422 3525">
    <p class='ocr_par' dir='ltr' id='par_1_8' title="bbox 325 3457 1422 3525">
     <span class='ocr_line' id='line_1_28' title="bbox 325 3457 1422 3525; baseline 0.002 -10"><span class='ocrx_word' id='word_1_207' title='bbox 325 3457 341 3522; x_wconf 75' lang='lat'>¹)</span> <span class='ocrx_word' id='word_1_208' title='bbox 361 3461 395 3515; x_wconf 86' lang='lat' dir='ltr'>cf.</span> <span class='ocrx_word' id='word_1_209' title='bbox 415 3461 483 3515; x_wconf 87' lang='lat' dir='ltr'>Ach.</span> <span class='ocrx_word' id='word_1_210' title='bbox 497 3461 510 3513; x_wconf 92' lang='grc' dir='ltr'>Ι</span> <span class='ocrx_word' id='word_1_211' title='bbox 523 3462 566 3524; x_wconf 86' lang='grc'>46,</span> <span class='ocrx_word' id='word_1_212' title='bbox 587 3461 687 3524; x_wconf 87' lang='grc'><strong>11166,</strong></span> <span class='ocrx_word' id='word_1_213' title='bbox 708 3461 828 3516; x_wconf 86' lang='lat' dir='ltr'>Valer.</span> <span class='ocrx_word' id='word_1_214' title='bbox 848 3462 966 3515; x_wconf 82' lang='lat' dir='ltr'>Flacc.</span> <span class='ocrx_word' id='word_1_215' title='bbox 986 3462 1072 3525; x_wconf 82' lang='grc'><strong>1266,</strong></span> <span class='ocrx_word' id='word_1_216' title='bbox 1092 3463 1141 3515; x_wconf 92' lang='lat' dir='ltr'>ubi</span> <span class='ocrx_word' id='word_1_217' title='bbox 1160 3464 1259 3519; x_wconf 85' lang='lat' dir='ltr'>Peleus</span> <span class='ocrx_word' id='word_1_218' title='bbox 1273 3463 1422 3519; x_wconf 83' lang='lat' dir='ltr'>Chironem</span> 
     </span>
    </p>
   </div>
   <div class='ocr_carea' id='block_1_6' title="bbox 251 3554 1007 3690">
    <p class='ocr_par' dir='ltr' id='par_1_9' title="bbox 251 3554 1007 3690">
     <span class='ocr_line' id='line_1_29' title="bbox 251 3554 1007 3690; baseline 0.004 -18"><span class='ocrx_word' id='word_1_219' title='bbox 251 3554 363 3604; x_wconf 37' lang='lat' dir='ltr'>monet·</span> <span class='ocrx_word' id='word_1_220' title='bbox 464 3629 488 3673; x_wconf 83' lang='lat' dir='ltr'>te</span> <span class='ocrx_word' id='word_1_221' title='bbox 505 3639 610 3688; x_wconf 83' lang='lat' dir='ltr'>parvae</span> <span class='ocrx_word' id='word_1_222' title='bbox 629 3624 712 3675; x_wconf 75' lang='lat' dir='ltr'>lilaea</span> <span class='ocrx_word' id='word_1_223' title='bbox 731 3629 754 3674; x_wconf 79' lang='lat' dir='ltr'>et</span> <span class='ocrx_word' id='word_1_224' title='bbox 773 3624 842 3675; x_wconf 82' lang='lat' dir='ltr'>bella</span> <span class='ocrx_word' id='word_1_225' title='bbox 861 3625 1007 3690; x_wconf 81' lang='lat' dir='ltr'>loquentem</span> 
     </span>
    </p>
   </div>
   <div class='ocr_carea' id='block_1_7' title="bbox 247 3713 1426 4406">
    <p class='ocr_par' dir='ltr' id='par_1_10' title="bbox 247 3713 1426 4406">
     <span class='ocr_line' id='line_1_30' title="bbox 462 3713 1112 3780; baseline 0.006 -19"><span class='ocrx_word' id='word_1_226' title='bbox 462 3713 586 3778; x_wconf 81' lang='lat' dir='ltr'>miretur,</span> <span class='ocrx_word' id='word_1_227' title='bbox 606 3713 655 3764; x_wconf 78' lang='lat' dir='ltr'>aab</span> <span class='ocrx_word' id='word_1_228' title='bbox 674 3719 698 3764; x_wconf 81' lang='lat' dir='ltr'>te</span> <span class='ocrx_word' id='word_1_229' title='bbox 711 3715 871 3778; x_wconf 82' lang='lat' dir='ltr'>puerilia</span> <span class='ocrx_word' id='word_1_230' title='bbox 890 3715 961 3765; x_wconf 76' lang='lat' dir='ltr'>tela</span> <span class='ocrx_word' id='word_1_231' title='bbox 979 3717 1112 3780; x_wconf 78' lang='lat' dir='ltr'>mapistro</span> 
     </span>
     <span class='ocr_line' id='line_1_31' title="bbox 461 3801 1281 3868; baseline 0.006 -18"><span class='ocrx_word' id='word_1_232' title='bbox 461 3807 599 3852; x_wconf 81' lang='lat' dir='ltr'>uenator</span> <span class='ocrx_word' id='word_1_233' title='bbox 615 3801 690 3865; x_wconf 79' lang='lat' dir='ltr'>ferat</span> <span class='ocrx_word' id='word_1_234' title='bbox 710 3808 733 3852; x_wconf 84' lang='lat' dir='ltr'>rt</span> <span class='ocrx_word' id='word_1_235' title='bbox 751 3809 903 3853; x_wconf 78' lang='lat' dir='ltr'>nostram</span> <span class='ocrx_word' id='word_1_236' title='bbox 920 3803 1060 3865; x_wconf 77' lang='lat' dir='ltr'>featiaet</span> <span class='ocrx_word' id='word_1_237' title='bbox 1078 3805 1121 3854; x_wconf 86' lang='lat' dir='ltr'>ad</span> <span class='ocrx_word' id='word_1_238' title='bbox 1139 3805 1281 3868; x_wconf 80' lang='lat' dir='ltr'>hastam,</span> 
     </span>
     <span class='ocr_line' id='line_1_32' title="bbox 249 3887 927 3954; baseline 0.007 -15"><span class='ocrx_word' id='word_1_239' title='bbox 249 3887 298 3954; x_wconf 90' lang='lat' dir='ltr'>qui</span> <span class='ocrx_word' id='word_1_240' title='bbox 318 3903 413 3940; x_wconf 88' lang='lat' dir='ltr'>versus</span> <span class='ocrx_word' id='word_1_241' title='bbox 433 3888 526 3942; x_wconf 84' lang='lat' dir='ltr'>Statio</span> <span class='ocrx_word' id='word_1_242' title='bbox 546 3889 689 3943; x_wconf 88' lang='lat' dir='ltr'>obversati</span> <span class='ocrx_word' id='word_1_243' title='bbox 709 3906 768 3944; x_wconf 90' lang='lat' dir='ltr'>esse</span> <span class='ocrx_word' id='word_1_244' title='bbox 789 3890 927 3944; x_wconf 89' lang='lat' dir='ltr'>videntur.</span> 
     </span>
     <span class='ocr_line' id='line_1_33' title="bbox 328 3971 701 4047; baseline 0.008 -17"><span class='ocrx_word' id='word_1_245' title='bbox 328 3971 345 4040; x_wconf 72' lang='lat' dir='ltr'>&#39;l</span> <span class='ocrx_word' id='word_1_246' title='bbox 366 3976 400 4030; x_wconf 86' lang='lat' dir='ltr'>cf.</span> <span class='ocrx_word' id='word_1_247' title='bbox 420 3976 487 4030; x_wconf 84' lang='lat' dir='ltr'>Aah.</span> <span class='ocrx_word' id='word_1_248' title='bbox 507 3978 534 4030; x_wconf 92' lang='lat' dir='ltr'>Il</span> <span class='ocrx_word' id='word_1_249' title='bbox 555 3978 605 4031; x_wconf 87' lang='lat'>110</span> <span class='ocrx_word' id='word_1_250' title='bbox 625 3996 701 4047; x_wconf 91' lang='lat' dir='ltr'>seqq.</span> 
     </span>
     <span class='ocr_line' id='line_1_34' title="bbox 325 4061 650 4133; baseline 0.012 -16"><span class='ocrx_word' id='word_1_251' title='bbox 325 4061 343 4128; x_wconf 70' lang='lat'>⁸)</span> <span class='ocrx_word' id='word_1_252' title='bbox 364 4066 397 4119; x_wconf 85' lang='lat' dir='ltr'>cf.</span> <span class='ocrx_word' id='word_1_253' title='bbox 417 4084 480 4133; x_wconf 83' lang='lat' dir='ltr'>pag.</span> <span class='ocrx_word' id='word_1_254' title='bbox 503 4067 535 4119; x_wconf 84' lang='grc'>12</span> <span class='ocrx_word' id='word_1_255' title='bbox 555 4067 650 4121; x_wconf 89' lang='lat' dir='ltr'>adnot.</span> 
     </span>
     <span class='ocr_line' id='line_1_35' title="bbox 323 4151 1423 4228; baseline 0.007 -22"><span class='ocrx_word' id='word_1_256' title='bbox 323 4151 343 4217; x_wconf 77' lang='lat'>⁴)</span> <span class='ocrx_word' id='word_1_257' title='bbox 362 4155 469 4222; x_wconf 84' lang='lat' dir='ltr'>Lyncus</span> <span class='ocrx_word' id='word_1_258' title='bbox 488 4154 616 4212; x_wconf 81' lang='lat' dir='ltr'>imbelles</span> <span class='ocrx_word' id='word_1_259' title='bbox 636 4161 665 4212; x_wconf 90' lang='lat' dir='ltr'>et</span> <span class='ocrx_word' id='word_1_260' title='bbox 684 4175 779 4212; x_wconf 87' lang='lat' dir='ltr'>cervos</span> <span class='ocrx_word' id='word_1_261' title='bbox 800 4158 894 4228; x_wconf 86' lang='lat' dir='ltr'>iungit</span> <span class='ocrx_word' id='word_1_262' title='bbox 913 4160 1095 4214; x_wconf 84' lang='lat' dir='ltr'>Horatius</span> <span class='ocrx_word' id='word_1_263' title='bbox 1114 4160 1208 4221; x_wconf 86' lang='lat' dir='ltr'>(carm.</span> <span class='ocrx_word' id='word_1_264' title='bbox 1224 4161 1270 4223; x_wconf 80' lang='lat' dir='ltr'>IV,</span> <span class='ocrx_word' id='word_1_265' title='bbox 1291 4162 1315 4224; x_wconf 91' lang='grc'>6,</span> <span class='ocrx_word' id='word_1_266' title='bbox 1327 4161 1369 4224; x_wconf 84' lang='lat'>33,</span> <span class='ocrx_word' id='word_1_267' title='bbox 1380 4161 1423 4223; x_wconf 82' lang='lat'>34)</span> 
     </span>
     <span class='ocr_line' id='line_1_36' title="bbox 249 4244 1426 4317; baseline 0.004 -21"><span class='ocrx_word' id='word_1_268' title='bbox 249 4245 435 4312; x_wconf 84' lang='lat' dir='ltr'>praecedente</span> <span class='ocrx_word' id='word_1_269' title='bbox 448 4244 681 4300; x_wconf 89' lang='lat' dir='ltr'>Callimacho</span> <span class='ocrx_word' id='word_1_270' title='bbox 695 4247 799 4315; x_wconf 85' lang='lat' dir='ltr'>(hymn.</span> <span class='ocrx_word' id='word_1_271' title='bbox 813 4247 844 4301; x_wconf 95' lang='lat' dir='ltr'>in</span> <span class='ocrx_word' id='word_1_272' title='bbox 859 4247 978 4303; x_wconf 86' lang='lat' dir='ltr'>Dianam</span> <span class='ocrx_word' id='word_1_273' title='bbox 994 4249 1039 4303; x_wconf 81' lang='grc'>16;</span> <span class='ocrx_word' id='word_1_274' title='bbox 1060 4249 1176 4301; x_wconf 83' lang='grc' dir='ltr'><strong><em>ὅπποτε</em></strong></span> <span class='ocrx_word' id='word_1_275' title='bbox 1192 4248 1294 4317; x_wconf 83' lang='grc' dir='ltr'><strong><em>μηκέτι</em></strong></span> <span class='ocrx_word' id='word_1_276' title='bbox 1313 4249 1426 4317; x_wconf 74' lang='grc' dir='ltr'><strong><em>λύγκας</em></strong></span> 
     </span>
     <span class='ocr_line' id='line_1_37' title="bbox 247 4327 1424 4406; baseline 0.009 -23"><span class='ocrx_word' id='word_1_277' title='bbox 247 4327 310 4401; x_wconf 78' lang='grc' dir='ltr'>μήτ’</span> <span class='ocrx_word' id='word_1_278' title='bbox 329 4332 462 4400; x_wconf 72' lang='grc' dir='ltr'><strong><em>ἐλάφους</em></strong></span> <span class='ocrx_word' id='word_1_279' title='bbox 484 4332 644 4402; x_wconf 78' lang='grc' dir='ltr'>βάλλοιμι),</span> <span class='ocrx_word' id='word_1_280' title='bbox 673 4340 703 4390; x_wconf 89' lang='lat' dir='ltr'>ut</span> <span class='ocrx_word' id='word_1_281' title='bbox 730 4337 850 4392; x_wconf 85' lang='lat' dir='ltr'>adnotat</span> <span class='ocrx_word' id='word_1_282' title='bbox 874 4337 1070 4406; x_wconf 85' lang='lat' dir='ltr'>Kiesslingius.</span> <span class='ocrx_word' id='word_1_283' title='bbox 1118 4339 1248 4394; x_wconf 82' lang='lat' dir='ltr'>Fortasse</span> <span class='ocrx_word' id='word_1_284' title='bbox 1277 4341 1424 4394; x_wconf 84' lang='lat' dir='ltr'>Statius</span> 
     </span>
    </p>
   </div>
   <div class='ocr_carea' id='block_1_8' title="bbox 0 0 1660 5034">
    <p class='ocr_par' dir='ltr' id='par_1_11' title="bbox 0 0 1660 5034">
     <span class='ocr_line' id='line_1_38' title="bbox 0 0 1660 5034; baseline 0 0"><span class='ocrx_word' id='word_1_285' title='bbox 0 0 1660 5034; x_wconf 95' lang='lat' dir='ltr'> </span> 
     </span>
    </p>
   </div>
  </div>
 </body>
</html>
