3292 5034
705 488 893 550 ..9-

215 680 384 745 concubitu
409 681 485 743 fatis
510 681 655 761 privatur
686 685 717 744 et
748 680 877 744 mortali
901 680 1074 759 addicitur,
1106 680 1196 744 cuius
1219 680 1385 760 amplexus

214 810 277 851 non
303 787 364 850 nisi
390 787 419 850 vi
444 787 590 850 adbibita
613 787 745 867 patitur,
777 788 809 851 in
833 786 998 871 Cypriis
1021 810 1096 850 vero
1121 789 1179 850 deo
1205 787 1276 868 ipsa
1299 785 1384 849 loris

214 893 419 958 concubitum
443 894 528 978 fugit
552 893 697 978 quamvis
717 893 858 975 petentis
873 916 976 977 neque
992 895 1078 974 fatie,
1102 895 1155 957 sed
1173 893 1273 974 ipsius
1290 893 1384 974 culpa

214 999 322 1073 efficit,
349 1005 469 1064 utnon
494 1002 596 1065 solum
622 1001 715 1080 lovis,
739 1003 792 1065 sed
817 1000 948 1065 omnino
977 1001 1077 1064 divini
1100 999 1248 1082 coniugis
1272 1019 1385 1080 expers

213 1107 270 1170 fiat
294 1107 426 1171 Iunonis
450 1107 564 1192 gratia,
588 1130 669 1191 quae
695 1130 762 1171 eam
785 1107 908 1189 optimo
932 1107 1115 1172 mortalium
1133 1107 1203 1188 ipsa
1219 1107 1384 1188 pronubae
1438 1106 1444 1149 ·'

215 1236 344 1277 munere
374 1215 513 1299 fungens
547 1214 668 1296 nuptiis
700 1214 806 1299 iungit
831 1214 1111 1295 splendidissimis,
1142 1237 1222 1297 quas
1246 1213 1384 1293 nuptiae,

213 1320 272 1383 etsi
304 1322 386 1401 apud
412 1321 632 1385 Hesiodum
667 1322 829 1404 leguntur,
863 1326 971 1385 tamen
1006 1321 1083 1384 solis
1106 1320 1271 1404 Cypriis
1304 1321 1385 1384 bene

214 1429 391 1506 convenire,
415 1430 498 1492 unde
522 1428 554 1491 in
580 1429 713 1492 alteram
738 1428 874 1492 formam
899 1428 1075 1491 translatae
1095 1427 1168 1507 sint,
1193 1430 1278 1490 recte
1302 1426 1385 1490 iudi·
1457 1441 1459 1445 '

214 1533 298 1596 cavit
323 1532 631 1614 Reitzensteinius.¹)
647 1573 685 1580 —-
712 1535 812 1598 Plane
837 1559 855 1597 a
878 1535 1028 1619 genuinis
1052 1535 1181 1598 fabulae
1205 1533 1385 1598 rationibus

214 1639 346 1704 discedit
378 1647 409 1705 et
440 1643 479 1705 ad
508 1664 598 1705 suam
623 1647 761 1709 aetatem
795 1646 827 1705 et
851 1641 1049 1706 occasionem
1084 1641 1208 1722 aptavit
1241 1640 1384 1703 fabulam

213 1753 308 1828 poeta
333 1747 585 1827 Alexandrinus,
616 1748 705 1812 cuius
730 1748 868 1834 vestigia
895 1748 1013 1830 pressit
1029 1748 1230 1812 Catullus
1260 1747 1293 1811 in
1318 1747 1385 1827 epi-

213 1854 367 1919 thalamio
392 1857 475 1939 quod
495 1847 730 1920 vocatur'Pelei
747 1861 778 1919 et
795 1855 982 1936 Thetidis&
1017 1855 1100 1919 Nam
1120 1856 1179 1938 boc
1195 1854 1228 1917 iu
1246 1853 1385 1918 carmine

213 1961 325 2025 Thetis
357 1985 464 2026 amore
495 1966 589 2044 capta
620 1963 706 2026 Pelei
732 1986 796 2027 non
829 1963 934 2026 minus
964 1962 1085 2026 incensi
1109 1961 1205 2043 plane
1228 1963 1385 2025 humanos

213 2068 337 2149 accepit
361 2091 465 2133 mores
489 2091 546 2132 nec
571 2071 740 2133 mortalem
764 2069 890 2133 fastidit
906 2069 1045 2148 Peleum,
1062 2073 1175 2133 contra
1198 2076 1262 2132 turn
1283 2069 1385 2131 Thetis

211 2176 364 2240 turrianos
377 2198 439 2240 aon
454 2177 589 2260 despexit
601 2178 790 2262 tyanensem,
806 2184 871 2240 tum
893 2177 1014 2240 laeum
1023 2184 1117 2260 nsoter
1134 2179 1197 2260 msc
1213 2176 1385 2259 iamdudum

217 2281 303 2346 Peleo
327 2285 420 2346 senisu
444 2282 486 2365 (v.
500 2286 542 2348 20
555 2285 633 2366 seq.)
658 2287 839 2348 attentum
865 2285 956 2347 abest
980 2287 1015 2347 ut
1035 2283 1147 2346 Thetis
1163 2282 1258 2346 Peleo
1282 2282 1384 2345 invita

212 2411 245 2452 se
269 2388 393 2473 iungat,
418 2395 454 2453 ut
478 2391 597 2478 Parcae
623 2390 838 2454 vaticinentur
862 2391 1006 2454 versibus
1031 2392 1094 2454 335
1120 2412 1223 2473 seqq.:

373 2517 462 2578 uallo
484 2517 594 2579 'doricus
618 2517 694 2580 tales
716 2537 864 2600 rrnrqoam
889 2518 1020 2579 contexit
1044 2537 1170 2596 (rireores,

372 2623 478 2686 nullus
502 2645 590 2686 orirer
613 2625 671 2686 toli
695 2625 857 2686 conticuerit
877 2623 1000 2704 foedera
1023 2629 1172 2699 uariantes

373 2732 476 2814 qualis
500 2731 585 2794 (idest
614 2731 744 2813 Thetidi,
770 2731 873 2814 qual-is
895 2730 1061 2793 concordio
1084 2730 1181 2794 Peleo.

280 2853 340 2916 His
364 2854 461 2918 variis
493 2854 667 2936 propositis
698 2855 827 2918 fabulae
857 2854 970 2918 formis
994 2859 1030 2918 ut
1054 2853 1086 2917 in
1112 2853 1193 2917 viam
1218 2855 1397 2919 redeamus.

212 2958 275 3022 iam
299 2962 503 3025 statuendum
529 2967 591 3040 est,
622 2962 748 3044 qualem
773 2966 902 3024 secutus
926 2961 969 3024 sit
993 2960 1157 3025 Statius
1187 2959 1220 3022 in
1244 2958 1384 3022 carmine

212 3068 442 3146 componendo.
489 3067 597 3152 Atque
627 3068 766 3150 primurn
798 3068 924 3152 quidem
951 3067 1095 3132 versibus
1125 3091 1222 3148 supra
1245 3066 1383 3130 laudatis

213 3172 256 3251 (l,
273 3172 307 3253 2)
329 3173 576 3238 vaticinium
602 3175 763 3254 alluditur,
788 3197 852 3258 quo
869 3174 1060 3255 perterritus
1080 3172 1226 3254 Iuppiter
1239 3171 1384 3236 Thetidis

212 3277 298 3362 fugit
323 3281 536 3347 concubitum.
584 3281 654 3344 Etsi
678 3303 735 3362 pro
761 3286 849 3344 certo
874 3281 936 3344 dici
960 3303 1025 3344 non
1048 3285 1164 3360 potest,
1188 3263 1238 3343 cui
1261 3279 1383 3344 Statius

212 3384 272 3449 hoc
305 3385 402 3450 tribui
435 3386 572 3451 voluerit
602 3387 805 3466 vaticinium,
842 3393 948 3450 tamen
986 3387 1089 3467 possis
1123 3385 1279 3466 suspicari
1312 3407 1383 3449 eum

212 3529 424 3538 ——-.———

288 3594 377 3661 1)1.1.
398 3618 461 3667 pag.
482 3602 524 3654 77.
553 3602 660 3654 Revera
679 3601 792 3655 fabulae
814 3602 935 3655 formam
956 3600 1091 3664 extitisse,
1112 3618 1168 3668 qua
1186 3600 1283 3654 Thetis
1303 3597 1384 3665 quasi

214 3687 240 3739 vi
260 3692 420 3756 expugnata
439 3693 468 3744 et
488 3690 603 3751 domita,
624 3707 679 3744 non
699 3689 806 3758 nuptiis
826 3691 976 3745 coniuncta
993 3691 1161 3758 fingebatur,
1181 3687 1281 3743 Ovidi
1302 3687 1384 3741 docet

212 3776 367 3844 exemplum
399 3782 427 3832 et
460 3779 519 3832 eius
546 3797 629 3846 quem
656 3782 767 3834 secutus
802 3784 846 3834 est
873 3783 988 3846 poetae,
1018 3783 1165 3846 praeterea
1192 3779 1381 3846 fragmentum

212 3865 407 3932 Sophoclis
428 3886 445 3921 a
459 3868 677 3922 Reitzensteinio
693 3869 809 3922 allatum
820 3869 976 3929 hoel'lroili
982 3869 1083 3935 fragm.
1092 3869 1140 3922 161
1149 3870 1191 3922 ed.
1200 3869 1232 3922 N.
1240 3870 1269 3922 T.
1278 3861 1382 3929 G.F.⁹l:

211 3956 321 4022 ἔγημεν
335 3956 377 4022 ὡς
389 3957 499 4024 ἔγημεν
512 3957 688 4024 dqrddyyong
705 3957 819 4024 γάμους
832 3964 864 4024 τῇ
878 3957 1081 4024 παντομόρφῳ
1097 3955 1189 4007 Θέτιδι
1204 3946 1386 4022 cromanius

211 4061 301 4109 nors,
320 4047 440 4114 denique
460 4047 654 4100 Herodotus
674 4046 763 4100 tradit
780 4047 854 4104 llibri
869 4048 919 4099 Vll
935 4065 994 4115 cap.
1011 4048 1071 4109 191)
1091 4049 1171 4101 lonas
1186 4048 1275 4116 Magis
1290 4048 1381 4101 locum

211 4135 410 4189 monstravisse
424 4135 584 4190 Thessaliae
604 4135 787 4198 maritimum,
808 4137 882 4190 unde
896 4137 993 4191 Thetis
1013 4136 1152 4204 quondam
1174 4155 1191 4190 a
1204 4137 1287 4193 Peleo
1301 4141 1384 4206 rapta

212 4242 271 4280 esse
290 4225 408 4279 dicatur.

287 4309 305 4378 ⁹)
324 4331 408 4368 carm.
428 4315 462 4368 64
485 4315 526 4370 ed.
546 4315 688 4370 Schwabe.
