3292 5034
696 442 911 503 „15-

221 634 424 700 Troadibu
435 633 480 716 s¹)
497 634 627 698 chorum
645 633 800 699 dicentem
818 634 898 698 facit
914 634 1008 700 haec:
1032 635 1088 698 boc
1103 636 1258 698 continuis
1274 637 1389 719 epirotas

221 745 315 807 oanis
338 744 393 825 (sc.
416 731 586 824 lugemus),
619 763 655 805 ea
680 763 739 826 quo
762 744 858 824 tethit
881 743 1069 826 Pbrppias
1092 743 1234 805 Graios
1261 742 1390 826 hospes

221 851 405 934 Amyclas
439 851 593 932 saeuitque
623 848 739 930 fretum
769 851 869 931 ploos
907 851 1001 911 matri
1038 870 1129 912 sacro
1167 848 1309 933 Cybebae.
1348 886 1387 894 —-

221 956 399 1020 Menelaum
418 955 542 1020 Cretam
567 955 665 1019 fuisse
681 955 862 1035 profectum
879 954 992 1019 Paride
1009 955 1198 1019 adveniente
1208 955 1235 1036 2)
1266 954 1390 1019 Statius

221 1086 283 1128 non
310 1067 473 1138 memorat,
497 1061 574 1125 dicit
598 1065 723 1126 tantum
749 1083 820 1125 eum
843 1061 984 1143 hospitio
1008 1062 1163 1126 confisum
1187 1062 1232 1125 nil
1254 1061 1319 1126 tale
1336 1084 1389 1125 ex-

221 1174 381 1251 spectasse
412 1191 514 1252 neque
547 1168 741 1250 suspicatum
774 1191 843 1233 esse
869 1169 1013 1232 Paridem
1039 1191 1076 1232 eo
1100 1169 1234 1233 consilio
1258 1169 1390 1248 venisse,

193 1359 194 1362 Ἴ
221 1281 257 1339 ut
281 1277 416 1340 blandus
440 1280 567 1355 raperet
590 1275 746 1338 Helenam
770 1273 864 1338 facile
888 1274 1161 1352 corrciliandarn.³)

289 1383 376 1458 Quae
392 1382 453 1446 huc
470 1404 570 1464 usque
587 1381 796 1445 tractavimus
813 1381 964 1445 carminis
979 1380 1059 1462 epici
1078 1382 1169 1464 quasi
1181 1383 1390 1446 fundamenta

221 1494 305 1570 sunt,
329 1490 412 1554 unde
436 1489 600 1568 profectus
625 1489 748 1572 reliqua
768 1487 906 1552 exstruit
922 1494 1026 1569 poeta,
1050 1489 1104 1572 qui
1122 1489 1284 1569 epicorum
1302 1511 1389 1552 more
1453 1554 1456 1559 ,

221 1599 252 1660 in
278 1595 398 1660 medias
429 1595 537 1659 statim
569 1619 627 1659 nos
658 1595 746 1658 ducit
770 1617 836 1674 res,
867 1617 937 1658 cum
970 1617 1111 1678 eaquae
1142 1596 1237 1660 rebus
1260 1596 1390 1677 proprie

221 1703 431 1787 depingendis
456 1700 650 1766 antecedunt
669 1701 759 1784 quasi
784 1701 823 1762 ἐν
846 1701 985 1782 παρόὁῳ
1009 1707 1149 1782 exponat
1164 1703 1287 1766 idoneis
1302 1702 1390 1767 locis.

221 1811 333 1894 ltaque
364 1814 400 1872 ut
424 1808 588 1893 Vergilius
619 1807 761 1872 Aeneida
792 1831 829 1872 ea
861 1808 987 1871 ratione
1018 1808 1143 1889 incipit,
1176 1814 1211 1872 ut
1235 1808 1389 1886 lunonem

221 1917 351 1981 inducat
381 1916 513 1978 classem
539 1914 749 1978 Troianorum
782 1915 842 1995 ipsi
874 1913 1016 1997 invisam
1040 1915 1190 1978 litoribus
1221 1915 1390 1996 prohibere

221 2023 405 2087 molientem
431 2021 567 2100 Latinis,
599 2021 644 2084 ita
668 2027 776 2085 noster
802 2021 981 2104 Vergilium
1007 2022 1144 2085 fortasse
1168 2022 1313 2085 imitatus
1336 2045 1391 2086 ex-

222 2129 320 2193 ordiis
353 2129 508 2200 absolutis
541 2128 650 2192 statim
687 2128 831 2191 Paridem
864 2127 959 2211 fingit
995 2127 1111 2209 Sparta
1145 2129 1325 2209 profectum
1360 2134 1391 2192 et

222 2221 311 2300 trans
345 2236 592 2316 Hellespontum
628 2235 855 2319 navigaturum
891 2257 962 2298 cum
999 2234 1124 2298 Helena
1159 2240 1266 2315 rapta,
1302 2235 1392 2299 cuius

222 2343 357 2430 navibus
387 2341 567 2422 conspectis
591 2341 703 2405 Thetis
727 2341 887 2404 vaticiniis
918 2342 1090 2422 perterrita
1120 2341 1256 2406 funestis
1281 2342 1392 2406 classis

222 2473 261 2514 ne
285 2449 414 2514 Troiam
444 2449 626 2530 appellatur
659 2449 744 2512 omni
779 2448 904 2512 ratione
935 2448 1089 2529 impedire
1113 2453 1256 2512 conat-ur.
1304 2449 1409 2512 Haec

222 2558 294 2621 dum
329 2556 481 2621 describit
513 2560 610 2636 poeta
642 2579 740 2619 unum
774 2561 882 2620 tamen
915 2555 1036 2639 tangit,
1067 2556 1151 2638 quod
1176 2555 1300 2619 Paridis
1336 2559 1392 2628 iter

222 2663 383 2744 praecedit
407 2661 610 2746 culpatam),
635 2663 684 2726 vel
708 2661 816 2743 potius
841 2662 908 2726 eius
932 2662 1036 2725 reditu
1054 2662 1168 2742 evenit,
1192 2662 1262 2727 dico
1286 2686 1392 2726 som-

222 2770 329 2834 nium
355 2771 562 2849 Hecubae,
595 2770 633 2833 de
663 2791 727 2853 quo
758 2781 860 2849 pauca
891 2769 987 2833 liceat
1018 2770 1140 2833 addere.
1188 2768 1275 2833 Dicit
1307 2770 1391 2834 enim

223 2881 318 2957 p'oeta
350 2900 441 2940 versu
473 2879 532 2942 22:
566 2879 722 2961 plenaque
756 2879 890 2940 creater-rol
924 2878 1059 2958 refaeas
1089 2878 1258 2959 praesepio
1293 2880 1393 2941 scaeui

224 2985 252 3048 h.
269 3007 295 3049 e.
319 2983 443 3047 Helena
467 2988 560 3064 rapta
583 2983 743 3061 eueniunt,
768 3005 850 3066 quae
866 2982 1000 3046 Hecuba
1023 2982 1146 3046 somnio
1163 2983 1391 3067 praesagierat.

226 3091 310 3154 Haec
340 3093 434 3173 eolre,
466 3096 502 3155 ut
532 3090 722 3154 scholiastae
733 3091 759 3170 5)
791 3091 831 3153 ad
855 3113 882 3153 v.
900 3093 941 3153 22
966 3090 1072 3153 verbis
1095 3094 1178 3168 utar,
1206 3091 1280 3153 dam
1298 3112 1392 3174 proe-

220 3219 324 3280 paoas
347 3206 419 3262 essct
447 3198 560 3261 Poride
590 3198 667 3260 vidit
691 3199 723 3260 ln
748 3199 876 3260 sommis
896 3196 997 3278 focem
1021 3219 1053 3260 sc
1072 3218 1193 3279 parcre,
1227 3198 1309 3281 qaod
1328 3198 1393 3279 fait

167 3325 169 3329 ·
217 3307 418 3388 praeseptum
447 3304 553 3386 fotini
582 3304 728 3368 incendii.
767 3303 855 3367 ldem
885 3302 1060 3367 scholiasta
1083 3304 1121 3366 de
1142 3303 1277 3367 Hecuba
1300 3327 1393 3385 prae-

222 3409 324 3474 mittit
356 3411 450 3475 haec:
485 3411 612 3474 Hecuba
642 3411 712 3492 filio
744 3411 911 3474 secandum
945 3409 1128 3492 Euripidem
1161 3410 1272 3489 Cissei,
1305 3433 1393 3497 qrrera

223 3519 355 3595 Ennius,
381 3518 535 3581 Pacuvius
565 3525 592 3580 at
622 3517 775 3600 Verpilius
798 3524 978 3600 sequamur,
1009 3517 1093 3579 riade
1119 3516 1200 3579 idem
1231 3517 1392 3601 Verpilias,

298 3657 315 3722 ¹)
334 3677 403 3714 vers,
423 3661 457 3713 69
477 3676 554 3727 seqq.

298 3745 315 3812 ⁹)
335 3749 368 3803 cf.
388 3749 438 3803 Ov.
458 3747 571 3803 Heroid.
591 3749 641 3802 XV
663 3749 712 3802 193
733 3766 818 3816 seqq,
841 3749 905 3801 XVl
927 3748 978 3800 154
997 3765 1073 3815 seqq.

298 3834 315 3902 ³)
335 3839 370 3893 cf.
390 3838 450 3892 120
478 3841 604 3912 inpactos
632 3840 729 3891 blande
750 3841 902 3906 populatas
921 3840 1056 3905 Amyclas,
1086 3838 1161 3891 1168
1179 3839 1296 3891 inlicitis
1314 3840 1393 3904 dolia,

223 3929 303 3983 1169
329 3929 409 3994 focile*
436 3936 528 3996 raptu,
553 3927 633 3983 1401
664 3935 770 3996 coptam
798 3929 858 3980 siue
878 3930 975 3993 Mara,
1003 3930 1062 3980 sine
1087 3929 1183 3994 armis,
1212 3927 1279 3981 166
1304 3929 1393 3995 spolio

223 4020 331 4086 hosp-lto
350 4018 485 4081 (Helena).
1363 4032 1367 4038 '

297 4103 315 4169 ⁴)
335 4107 369 4161 cf.
389 4107 456 4161 Ach.
476 4108 488 4158 l
509 4107 550 4161 23.

298 4191 316 4259 ὅ)
335 4195 516 4250 Lactantii
535 4194 670 4249 Placidi
690 4195 738 4262 qui
758 4195 862 4249 dicitur
881 4193 1099 4250 commentarios
1119 4195 1147 4248 in
1161 4193 1246 4249 Statii
1259 4194 1345 4248 Theb.
1365 4197 1394 4252 et

224 4285 440 4340 commentarios
459 4285 488 4338 in
508 4284 665 4338 Achilleida
687 4285 828 4339 recensuit
845 4285 1006 4350 Jahnke,
1027 4283 1101 4353 lips.
1122 4284 1198 4338 1898.
