3292 5034
708 521 918 583 ,37-

228 715 454 780 tribuebantur
477 718 705 796 praecepta
737 716 904 778 referenda
929 736 996 778 esse
1020 715 1082 778 iam
1107 737 1204 794 supra
1229 714 1400 779 verisimile

229 845 296 888 esse
320 823 532 902 statuirnus¹)

295 929 347 993 Sic
377 930 443 992 fere
475 928 598 993 Statius
623 928 761 1000 ¹Achillis
791 930 875 1010 apud
905 929 1075 994 Chironem
1108 929 1256 1014 depingit
1286 929 1401 992 educa·

228 1037 356 1100 tionem.
403 1035 552 1100 Fortasse
575 1035 608 1098 in
632 1040 702 1099 tota
725 1057 759 1098 re
783 1038 970 1100 adornanda
995 1037 1174 1117 exemplum
1200 1043 1328 1102 secutus
1352 1041 1401 1100 est

228 1143 463 1222 Theocriti,
498 1142 552 1226 qui
588 1142 738 1206 Herculis
773 1143 864 1224 pueri
900 1143 1121 1208 educationem
1157 1143 1254 1207 simili
1290 1147 1402 1206 narrat

137 1317 139 1321 ,
228 1251 353 1314 ratione
369 1249 471 1333 idyllii
484 1249 593 1314 XXIV
605 1273 652 1315 vv.
665 1251 848 1327 loa-134,
872 1251 933 1314 nisi
950 1252 1034 1334 quod
1054 1249 1199 1334 singulas
1215 1249 1402 1331 disciplinas

228 1357 366 1443 singulis
398 1353 512 1421 tribuit
543 1357 722 1441 magistris;
758 1359 840 1434 unde
871 1357 966 1421 etiam
999 1357 1117 1421 factum
1151 1380 1219 1422 esse
1246 1355 1402 1438 suspicari

229 1465 313 1544 licet,
338 1470 373 1528 ut
392 1463 515 1529 Statius
531 1486 613 1547 quae
630 1464 668 1526 ad
685 1465 878 1544 palaestram
904 1470 936 1528 et
954 1465 1071 1528 bellum
1087 1469 1243 1544 spectant,
1267 1462 1400 1528 carmini

228 1573 391 1650 insereret,
416 1571 461 1635 ita
485 1578 602 1650 tamen,
626 1575 662 1635 ut
686 1593 736 1634 res
752 1571 884 1635 bellicas
901 1594 976 1636 suae
993 1572 1109 1636 aetatis
1126 1574 1164 1636 ad
1182 1573 1238 1636 illa
1254 1576 1401 1652 tempora

230 1678 356 1745 heroica
381 1678 588 1756 transferret3
613 1700 688 1741 nam
712 1679 797 1761 quod
823 1679 983 1743 Achillem
1008 1685 1193 1744 narrantem
1216 1679 1328 1763 fingit:

336 1787 444 1867 didici,
468 1807 527 1872 quo
551 1786 728 1850 Paeones
753 1808 844 1850 ανναα
866 1794 980 1867 rotatu,

338 1916 397 1980 qao
421 1893 601 1957 Macetae
623 1915 681 1957 suu
703 1915 796 1977 queso
820 1896 920 1975 citent,
945 1916 1004 1978 qao
1027 1895 1150 1958 turbine
1173 1901 1295 1958 contum

339 2003 598 2065 Sauromates
617 2002 790 2086 falcemque
816 2001 904 2065 Getes
928 2023 1095 2086 arcurnquc
1119 2002 1297 2065 Gelonus

337 2109 470 2172 tenderet
494 2114 520 2171 ct
540 2108 639 2190 ficano
664 2109 911 2172 Balearicus
936 2115 1023 2172 ocior·
1044 2108 1189 2190 hohenoe,

338 2236 416 2300 quac
439 2236 588 2298 suspensa
612 2217 737 2279 trabeas
761 2216 890 2279 libraret
915 2217 1043 2280 crulaero
1066 2222 1147 2279 tortu

336 2323 550 2406 inclusumque
573 2344 628 2386 suo
652 2322 852 2406 distinqucrct
876 2330 951 2386 uiro
972 2344 1049 2407 pyro
1063 2323 1099 2403 2l,

232 2432 291 2495 hoc
316 2430 398 2508 duci,
422 2429 477 2512 qui
502 2451 571 2493 cum
597 2428 648 2492 his
672 2429 825 2513 gentibus
850 2429 969 2493 bellurn
992 2429 1086 2514 gerit,
1115 2429 1230 2492 melius
1254 2428 1404 2492 convenit

232 2538 390 2614 Romanu,
422 2559 517 2620 quam
550 2535 640 2599 heroi
664 2535 801 2613 Achilli;
834 2535 982 2600 similiter
1005 2558 1101 2619 quam
1125 2535 1256 2599 Chironi
1289 2535 1405 2599 tribuit

232 2643 406 2732 medicinae
426 2642 633 2722 scientiam3),
646 2643 726 2706 banc
743 2665 818 2707 suae
836 2643 936 2706 aetati
948 2643 1075 2706 videtur
1091 2642 1251 2723 aptavisse
1267 2642 1403 2723 poctaf)

233 2752 398 2816 Accedunt
428 2772 509 2833 quae
540 2749 643 2815 Statio
674 2750 706 2812 in
739 2750 927 2814 educatione
953 2749 1090 2813 Achillis
1114 2749 1323 2813 describenda
1346 2750 1404 2812 ob-

170 2861 172 2865 ’
232 2863 375 2922 versatae
411 2857 559 2921 videntur
592 2879 659 2921 esse
692 2857 883 2938 picturae
918 2857 1093 2920 nonnullae
1128 2855 1404 2936 parietariae,

307 3121 324 3190 'l
344 3143 408 3192 pag.
429 3124 477 3188 313
507 3125 542 3178 cf.
569 3123 723 3177 Pindari
753 3124 833 3184 Pyth.
862 3123 900 3175 Vl
930 3124 962 3176 21
984 3141 1070 3191 seqq..
1099 3124 1145 3175 nbi
1175 3118 1327 3191 praccepta
1356 3122 1421 3201 illa¹

232 3215 408 3270 alluduntur:
430 3213 464 3265 τά
476 3207 540 3265 ποτ’
554 3213 588 3264 ἐν
607 3214 707 3279 οὔρεσι
726 3212 813 3280 φαντὶ
830 3212 1050 3280 μεγαλοσθενεῖ
1068 3212 1196 3277 Φιλύρας
1207 3210 1271 3262 υἱὸν
1284 3211 1404 3277 ὀρφανι-

231 3303 347 3370 ζομένῳ
364 3299 491 3370 lipsaco
509 3310 681 3369 παραινεῖν·
699 3302 826 3367 μάλιστα
842 3301 900 3366 μὲν
913 3297 1066 3368 Κρονίδαν
1082 3301 1240 3368 βαρυόπαν
1254 3307 1406 3365 στεροπᾶν

232 3398 386 3460 κεραυνῶν
405 3408 437 3443 τε
458 3392 601 3460 πρύτανιν
618 3392 701 3443 θεῶν
713 3389 868 3459 σέβεσθαι·
889 3392 996 3456 ταύτας
1008 3387 1042 3442 δὲ
1052 3390 1168 3458 μήποτε
1181 3397 1264 3454 τιμᾶς
1276 3389 1406 3454 ἀμείρειν

233 3481 350 3550 γονέων
367 3480 433 3550 βίον
451 3480 661 3548 πεπρωμένον.

308 3567 325 3634 ”)
344 3572 371 3624 [l
392 3571 440 3624 131
462 3588 539 3638 seqq.

308 3657 327 3725 ⁸)
347 3661 372 3713 ll
394 3660 444 3714 159
462 3677 551 3729 seqq:

447 3751 514 3816 quia
532 3751 612 3801 etium
631 3766 709 3801 sucos
728 3756 808 3816 atque
830 3751 1000 3801 auxiliantia
1019 3750 1121 3801 morbis

445 3842 584 3904 proicias,
603 3856 655 3905 quo
674 3841 778 3891 nimius
797 3845 882 3891 stura
900 3841 1077 3890 medicamine
1095 3841 1217 3905 sanquis,

447 3930 513 3996 quid
529 3929 617 3993 fucini
635 3945 749 3995 somnos,
770 3930 837 3994 quid
855 3930 963 3980 hiantia
981 3930 1095 3979 vulnera
1114 3929 1232 3991 claudat,

447 4035 515 4085 quoe
531 4018 610 4082 ferro
629 4018 775 4070 cohibenda
794 4019 859 4084 lucc,
878 4034 947 4084 quoe
965 4018 1067 4069 cederet
1085 4017 1184 4083 herbis,

447 4110 559 4161 edocuit.

308 4194 327 4261 ⁴)
347 4198 432 4252 Plura
451 4195 534 4250 huius
552 4197 686 4251 licentiae
709 4197 839 4265 poeticae
862 4197 990 4264 exempla
1009 4195 1168 4264 composuit
1187 4194 1338 4256 Miedel,
1365 4194 1406 4247 De

235 4287 450 4342 anachronismo
470 4287 518 4353 qni
538 4288 581 4340 cst
600 4285 629 4339 in
643 4286 672 4340 P.
687 4285 796 4354 Papinii
810 4285 897 4340 Statii
910 4285 1053 4340 Thebaide
1073 4289 1102 4340 ct
1114 4283 1278 4339 Achilleide.
1311 4285 1406 4350 Progr.

236 4376 417 4432 Passaviense
440 4375 559 4431 1891l92.
