3292 5034
757 469 952 530 ,4-

269 663 458 741 translatae,
498 661 587 740 cuius
621 661 748 746 generis
788 661 1042 741 „Achillem“
1082 664 1260 726 docuerunt
1295 661 1438 725 Livius

269 767 548 848 Andronicus
584 768 756 848 EnniuS,
792 767 996 848 Accius¹),
1032 792 1108 832 num
1139 768 1234 832 etiam
1267 773 1336 831 tum
1367 790 1439 831 cum

268 863 391 939 Statius
421 898 548 942 carmen
580 898 672 940 suum
704 875 886 966 composuit
916 875 1057 956 epicum,
1088 875 1251 959 viguerint
1282 881 1313 938 et
1336 873 1438 937 lectae

268 983 342 1064 sint,
359 983 449 1046 valde
466 983 560 1046 debet
577 981 726 1061 dubitari,
751 986 836 1046 certe
852 981 1057 1046 'Livianas
1081 981 1207 1046 fabulas
1223 1004 1304 1065 quae
1321 981 1437 1044 iterum

267 1089 418 1174 legantur
448 1112 513 1154 non
544 1089 623 1154 satis
654 1113 720 1154 esse
749 1089 864 1174 dignas
889 1088 949 1153 iarn
975 1088 1084 1153 Cicero
1109 1088 1268 1169 iudicat.²)
1315 1086 1438 1162 Quibus

267 1197 372 1261 missis
398 1202 433 1261 ut
456 1196 589 1278 propius
613 1200 652 1260 ad
676 1197 815 1260 Statium
840 1198 1041 1275 accedamus,
1075 1195 1213 1281 Augusti
1238 1194 1437 1276 temporibus
1551 1274 1554 1277 1

268 1303 322 1387 qui
346 1304 525 1368 floruerunt
549 1303 575 1368 ei
600 1309 729 1384 praesto
754 1308 847 1368 eraut
870 1310 992 1385 poetae,
1016 1326 1096 1387 quos
1120 1303 1267 1382 exempla
1285 1301 1345 1365 sibi
1362 1324 1437 1383 pro·

267 1415 402 1491 poneret
432 1411 595 1490 imitanda,
619 1411 854 1496 Vergilium
886 1411 1058 1492 praecipue
1082 1411 1151 1474 dico
1176 1415 1208 1473 et
1232 1409 1436 1488 Ovidium,

179 1537 182 1540 ·
267 1517 403 1602 quorum
435 1517 516 1582 alter
548 1517 626 1582 artis
656 1523 764 1599 epicae
796 1519 974 1599 exemplum
1000 1517 1150 1598 praebuit
1174 1516 1436 1595 illustrissimum,

267 1626 348 1689 alter
372 1625 553 1690 fabularum
578 1625 699 1690 fontem
725 1625 931 1690 uberrimum.

333 1733 423 1798 Haec
447 1735 485 1797 de
509 1733 654 1797 fontibus
678 1756 693 1797 e
718 1733 899 1797 litterarum
930 1732 1115 1816 cognitione
1143 1732 1255 1815 ductis.
1305 1731 1437 1795 Accedit

266 1839 419 1904 materiae
442 1840 586 1921 poeticae
603 1839 685 1904 alius
700 1840 781 1917 fone,
805 1839 860 1923 qui
876 1838 1035 1922 originem
1052 1839 1140 1902 ducit
1157 1862 1194 1901 ex
1211 1839 1436 1916 monumentis

269 1945 388 2011 tabulis
412 1946 517 2027 pictis,
542 1945 624 2010 vasis
648 1969 698 2010 res
719 1946 954 2030 mythologicas
971 1945 1184 2023 reddentibus
1204 1945 1294 2008 cuius
1309 1944 1437 2029 generis

268 2053 327 2116 etsi
352 2052 415 2116 alia
439 2054 478 2117 ab
503 2053 636 2117 interitu
662 2056 789 2117 servata
813 2054 852 2116 ad
877 2056 1018 2116 nostram
1052 2056 1266 2132 pervenerunt
1290 2055 1436 2130 aetatem,

266 2166 302 2224 ut
325 2159 467 2242 ipsorum
499 2161 600 2224 oculis
630 2160 789 2240 possimus
820 2160 953 2237 intueri,
984 2159 1048 2222 alia
1072 2159 1214 2242 antiquis
1238 2159 1437 2239 temporibus

266 2267 364 2331 fuisse
398 2266 567 2330 memoriae
600 2268 782 2344 traduntur,
815 2271 921 2329 tamen
956 2267 1109 2348 pleraque
1142 2265 1237 2346 plane
1268 2272 1380 2346 operta
1405 2271 1437 2328 et

266 2375 383 2438 obruta
414 2395 483 2437 esse
514 2374 667 2437 dolemus
714 2373 805 2437 Talia
829 2395 956 2455 quoque
980 2371 1085 2434 Statio
1109 2372 1237 2452 saepius
1261 2373 1435 2436 occurrisse

265 2481 443 2545 ambulanti
475 2481 680 2543 manifestum
712 2485 760 2543 est
791 2502 863 2542 cum
894 2479 957 2542 alia
989 2486 1055 2542 tum
1084 2478 1227 2558 picturas
1258 2478 1435 2558 parietibus

265 2587 424 2672 adpictaS,
459 2610 593 2670 quarum
627 2586 772 2667 exempla
807 2586 964 2649 nonnulla
999 2609 1036 2648 ex
1072 2585 1174 2649 ruinis
1213 2585 1433 2665 Pompeiorum

265 2693 398 2758 detectis
432 2694 526 2758 nobis
561 2699 687 2757 servata
723 2693 837 2773 sunt3)
872 2715 1071 2775 quarumque
1106 2692 1219 2755 seriem
1252 2715 1270 2754 a
1301 2714 1334 2754 se
1365 2691 1435 2772 ipso

265 2799 401 2881 Neapoli
418 2799 593 2880 inspectam
611 2800 897 2864 Philostratus
913 2799 1033 2863 maior
1049 2799 1229 2863 accuratius
1243 2798 1434 2876 describit.⁴)

265 2907 401 2970 Easdem
433 2907 575 2986 tabulas,
605 2905 783 2990 siquidem
810 2907 1007 2971 Philostrato
1038 2907 1116 2970 fides
1145 2905 1255 2969 haberi
1279 2909 1387 2985 potest
1399 2905 1434 2985 ὓ),

264 3013 402 3078 Statium
420 3013 523 3095 ipsum
541 3013 668 3095 saepius
684 3012 785 3077 oculis
801 3014 1013 3094 perlustrasse
1026 3012 1171 3080 conicere
1183 3012 1295 3092 possis
1314 3012 1433 3095 quippe

265 3120 318 3203 qui
337 3119 474 3202 Neapoli
491 3124 586 3184 natus
603 3119 711 3203 ibique
728 3120 852 3184 iuvenis
869 3125 901 3184 et
913 3143 1009 3184 senex
1026 3125 1170 3183 moratus
1186 3141 1255 3182 esse
1271 3119 1433 3199 feratur.⁶)

292 3313 294 3317 .
332 3227 418 3303 Quos
443 3228 505 3292 huo
530 3250 630 3311 usque
654 3227 912 3291 adumbravimus
936 3226 1041 3291 Statio
1061 3230 1190 3308 praesto
1210 3230 1302 3290 erant
1320 3227 1434 3305 fontes

237 3336 348 3413 ,unde
382 3335 548 3398 materiam
584 3333 729 3398 hauriret
762 3334 912 3398 carminis
945 3333 1156 3414 componendi
1187 3332 1278 3414 epici.
1331 3332 1435 3396 Nobis

340 3509 357 3576 ¹)
376 3513 410 3568 cf.
431 3514 461 3568 Τ.
481 3512 512 3584 R
532 3507 576 3566 F}
595 3513 637 3566 ed.
658 3512 739 3567 Ribb.
759 3530 822 3580 pag.
845 3514 868 3577 1,
890 3513 930 3577 15,
952 3513 1011 3566 136.

338 3598 356 3666 ⁹)
375 3604 453 3656 Brut.
477 3603 519 3668 18,
539 3603 581 3655 71.

338 3686 356 3755 ³)
377 3693 412 3746 cf.
425 3693 469 3746 W.
483 3691 595 3758 Helbig‚
616 3692 840 3758 Wandgemttlde
859 3693 909 3745 der
921 3709 985 3745 vom
999 3691 1091 3745 Vesuv
1113 3691 1321 3744 verschr’itteten
1335 3689 1433 3744 St'adte

266 3763 476 3848 Campanienss
498 3779 613 3847 Leipzig
634 3780 711 3834 1868.

337 3865 356 3934 ⁴)
376 3868 608 3924 Philostrati
635 3869 749 3924 maioris
769 3869 908 3937 imagines
927 3887 982 3924 rec.
1003 3866 1217 3923 seminariorum
1235 3867 1433 3922 Vindobonen·

265 3959 336 4012 sium
357 3959 465 4013 sodales
487 3959 555 4012 1893
574 3959 603 4012 in
623 3958 694 4013 Bibl.
714 3959 820 4014 Teubn.

338 4043 356 4109 ὖ1
385 4049 419 4102 cf.
448 4048 481 4101 H.
502 4049 609 4113 Brunn‚
640 4046 690 4102 Die
717 4046 966 4117 philostratischen
996 4047 1130 4101 Genric'lde
1158 4064 1246 4114 gegen
1276 4040 1432 4101 Friedriehs

265 4135 424 4202 verteidigt.
461 4137 610 4200 (Jahrbuch
631 4138 675 4191 fiir
693 4138 777 4192 klass
796 4137 955 4204 Philologie
975 4137 1028 4191 vol.
1043 4137 1082 4190 IV
1101 4137 1190 4205 suppl.
1207 4136 1431 4204 pag.177—303.

264 4225 331 4278 ibid.
351 4244 415 4278 nun.
437 4226 512 4290 1871,
534 4245 596 4294 pag.
619 4227 712 4290 1-33‚
733 4227 875 4289 81—105.)
1333 4223 1336 4226 ⁴

338 4311 357 4378 ⁰)
377 4315 409 4368 cf.
430 4315 492 4370 silv.
513 4317 535 4370 V
556 4318 580 4381 3,
600 4317 652 4369 225
672 4334 756 4384 seqq„
779 4318 815 4369 lll
840 4318 865 4382 5,
886 4317 919 4370 12
939 4335 1015 4385 seqq.
