3292 5034
676 472 887 537 „65-

196 672 367 750 discedant,
392 649 486 735 etex
511 669 744 734 Athenionis
767 669 948 734 Maronitae
972 669 1085 733 tabula
1105 666 1193 749 picta
1209 663 1365 751 originem

196 781 310 844 ducere
334 778 485 862 quasdam
511 777 579 859 pict
580 800 655 841 uras
672 777 893 860 parietarias¹)
917 777 1002 841 inter
1018 799 1051 840 se
1074 773 1253 839 simillimas
1269 773 1368 836 Bau·

197 886 389 968 meisterl)
420 884 592 948 verisimile
625 907 692 948 esse
726 884 907 967 suspicatus
939 889 997 949 est.
1043 882 1157 966 Itaque
1179 881 1231 944 his
1254 903 1368 944 monu-

197 993 345 1057 mentis
336 1016 368 1056 ιιι
392 991 663 1073 comparationem
681 997 776 1056 vocat
777 991 804 1055 is
762 992 950 1056 tlicetst
936 992 1069 1069 tatuere,
1085 1012 1167 1074 quae
1183 995 1234 1054 rat
1235 989 1267 1054 io
1283 989 1368 1054 inter

197 1101 379 1166 fabulam
371 1104 420 1164 rnt
406 1100 549 1164 tterceda
582 1097 696 1162 aStat
647 1099 728 1163 tatio
761 1099 933 1162 formatam
966 1103 998 1162 et
985 1099 1069 1162 tab
1094 1102 1144 1162 art
1130 1097 1271 1161 tificibus
1304 1096 1368 1160 illis

197 1230 387 1291 expressam.
426 1206 534 1290 Atque
558 1207 762 1270 statuendum
785 1212 833 1270 est
850 1206 990 1271 Statium
1007 1205 1041 1268 in
1058 1206 1153 1270 rebus
1168 1203 1368 1268 illustrandis

196 1317 328 1398 propius
362 1315 510 1378 accedere
544 1313 583 1376 ad
616 1314 744 1377 tabulas
777 1312 881 1394 pictas
905 1312 1176 1393 Pompeianas
1209 1334 1303 1395 quarn
1329 1312 1368 1374 ad

197 1423 306 1509 goryti
330 1422 533 1486 caelaturam.
575 1419 636 1484 Hic
657 1420 738 1484 enim
765 1443 836 1484 oum
854 1421 906 1484 vix
922 1419 1129 1484 inveniantur
1145 1441 1227 1502 quae
1235 1419 1368 1500 possint

135 1537 138 1546 '
197 1529 375 1611 comparari
402 1565 439 1572 -
467 1526 566 1610 legati
585 1527 668 1590 enim
686 1527 822 1606 variant,
846 1527 966 1591 tibicen
983 1528 1080 1605 deest,
1104 1525 1248 1590 Achilles
1265 1549 1368 1610 neque
1393 1575 1396 1580 .

197 1637 291 1701 hasta
314 1655 417 1717 neque
441 1633 543 1715 clipeo
572 1632 749 1697 instructus
772 1656 790 1696 a
813 1633 923 1718 legato
954 1634 1124 1697 sedente
1148 1632 1208 1714 (sic
1218 1635 1240 1713 1)
1272 1655 1368 1697 manu

199 1741 415 1824 prehenditur,
451 1739 617 1805 Deidamia
654 1739 782 1824 fugiens
817 1763 835 1803 a
860 1740 985 1804 nutrice
1020 1739 1186 1816 retinetur,
1221 1740 1369 1825 regina

198 1848 333 1933 lingitur
363 1849 488 1927 adesse,
523 1851 593 1911 tota
624 1869 674 1910 res
697 1847 816 1928 partim
846 1846 879 1910 in
904 1869 1083 1932 gynaeceo,
1117 1847 1236 1929 partim
1261 1869 1367 1911 coram

201 1956 376 2039 Lycomede
401 1954 524 2038 agitur,
555 1954 581 2016 si
612 1953 738 2036 quidem
770 1959 856 2018 recte
884 1953 1134 2035 interpretamur
1157 1954 1367 2019 Reinachium

199 2062 299 2125 secuti
316 2101 364 2140 -‚
384 2061 449 2125 illic
465 2062 558 2142 plura
574 2061 781 2142 descriptioni
794 2060 959 2125 Statianae'
978 2060 1096 2125 similia
1111 2061 1368 2141 conspiciuntur:

202 2168 542 2251 Ulixes„Diomedes‚
574 2167 714 2252 Agyrtes
725 2169 768 2246 8),
799 2167 942 2232 Achilles
972 2168 1111 2232 feminea
1140 2173 1225 2232 veste
1256 2169 1370 2233 leviter

199 2275 338 2352 indutus
363 2275 436 2337 dum
462 2274 587 2337 hastam
613 2278 644 2337 et
669 2274 805 2355 clipeum
824 2273 976 2351 vibrat4),
1001 2275 1194 2358 Lycomedes
1211 2276 1369 2340 attonitus

198 2381 346 2459 faotis5),
385 2380 553 2444 Deidamia
588 2380 759 2461 perterrita
799 2385 857 2444 aut
894 2381 1102 2466 aufugiens‘h
1141 2388 1197 2445 aut
1234 2383 1370 2464 supplex

171 2488 173 2493 ’
199 2486 337 2550 Achillis
362 2507 472 2570 genua
503 2487 689 2568 amplexa.⁷)
729 2523 761 2531 -
802 2486 906 2551 Simili
938 2487 1063 2551 ratione
1086 2488 1197 2552 fabula
1220 2510 1370 2570 expressa

200 2593 396 2697 conspicitur
428 2595 461 2657 in
495 2595 765 2678 sarcophagorum
802 2594 996 2679 anaglyphis
1028 2594 1091 2658 iam
1125 2618 1222 2676 supra
1255 2595 1370 2676 citatis,

199 2687 315 2783 quihus
339 2700 515 2765 atttobero
540 2700 664 2764 collect
641 2705 682 2764 trs
693 2701 719 2782 ⁸)
745 2724 844 2764 unum
869 2701 991 2765 accedit
977 2701 1186 2783 texemplum
1204 2725 1223 2764 a
1239 2703 1369 2768 Duhnio

199 2807 401 2888 descriptum.
408 2807 433 2890 8)
473 2807 561 2883 Quae
584 2815 800 2887 monumenta,
826 2831 897 2872 cum
921 2808 1029 2872 omnia
1053 2809 1190 2873 fere't
1141 2813 1190 2872 int
1192 2831 1228 2872 ra
1244 2811 1371 2874 saecula

200 2915 372 2976 secundum
397 2918 466 2978 ett
453 2920 517 2979 tter
518 2915 582 2979 ium
607 2937 637 2995 p.
655 2915 686 2978 O
704 2939 735 2979 ιι.
759 2916 884 2979 confect
871 2920 905 2979 ta
929 2937 996 2979 esse
1018 2939 1052 2977 ra
1055 2915 1198 2979 tionibus
1215 2917 1370 2980 techniois

200 3020 372 3084 verisimile
396 3020 446 3100 sit,
470 3021 644 3105 quaeritur,
673 3023 756 3086 unde
775 3007 948 3085 ¹materiam
972 3021 1168 3102 sumpserint
1190 3023 1368 3087 fabularem

201 3126 348 3204 artifices
380 3133 486 3191 utrum
518 3149 555 3191 ex
584 3128 684 3211 cyclis
705 3127 933 3212 mythologicis
965 3151 1005 3191 an
1030 3151 1047 3192 e
1070 3129 1153 3192 Stati
1178 3129 1371 3214 fragmento.

276 3411 292 3492 ι
314 3427 424 3497 nerag,
445 3429 612 3496 uanagem.
632 3449 673 3484 nr.
695 3430 771 3494 1296,
791 3432 834 3495 ιι,
855 3432 898 3493 aa,
920 3430 1068 3484 raon-oa.

275 3513 292 3577 8)
310 3518 328 3571 l.
347 3519 366 3570 l.
385 3536 448 3587 pag.
469 3518 493 3571 5.
531 3519 609 3573 Idem
635 3519 738 3573 mirum
764 3537 824 3574 esse
851 3520 954 3574 statuit
972 3520 1112 3582 fabulam,
1140 3521 1173 3575 de
1193 3538 1249 3588 qua
1268 3520 1370 3589 agitur,

200 3624 338 3674 nusquam
357 3605 387 3658 in
408 3607 498 3660 vasis
518 3607 639 3662 inveniri
658 3608 814 3675 impictam,
835 3626 1007 3677 quamquam
1022 3609 1209 3676 Polygnoti
1228 3607 1371 3665 exstiterit

200 3695 312 3762 pictura
331 3696 521 3749 celeberrima.

276 3779 294 3847 ³)
314 3784 347 3836 cf.
368 3785 479 3853 Helbig,
498 3786 665 3852 Wandgcm.
686 3804 726 3839 nr.
748 3786 823 3840 1297.

203 3862 206 3868 ’
274 3869 292 3935 4)
310 3873 328 3924 l.
348 3873 367 3925 l.
386 3892 428 3926 nr.
451 3874 526 3928 1296.

275 3957 292 4025 ⁶)
312 3963 330 4014 l.
350 3962 367 4015 l.
388 3981 429 4014 nr.
451 3963 528 4016 1297.

275 4046 328 4113 8)1.
348 4051 367 4104 l.
387 4071 428 4104 nr.
450 4052 527 4106 1297.

276 4135 329 4199 τ)]
348 4141 366 4193 l.
386 4160 427 4194 nr.
449 4141 525 4194 1296

276 4224 331 4290 ⁸)]
350 4231 368 4282 l.
391 4231 436 4296 fig
457 4230 570 4284 20-39

276 4312 342 4382 'tt'
363 4336 388 4370 v.
410 4318 498 4380 Duhn,
519 4319 768 4388 Arch'aologischer
787 4316 925 4386 Anaeiger
946 4321 1013 4374 1895
1033 4337 1096 4388 pag.
1118 4320 1168 4373 159
1188 4337 1245 4387 seq.

1193 4429 1209 4479 5
