3292 5034
690 475 951 542 .-60-

327 667 394 731 Iam
418 669 455 732 de
479 667 637 753 legatis
663 690 700 732 ex
725 667 910 733 Calchantis
927 668 1079 732 vaticinio
1097 670 1135 732 ad
1151 667 1310 733 Achillem
1329 691 1432 733 arces-

259 776 390 839 sendum
423 774 529 838 missis
561 780 598 839 ut
620 798 722 856 pauca
746 798 959 856 exponamus,
992 774 1114 840 Statius
1142 798 1214 839 cum
1238 774 1432 857 Ovidi01),

259 881 571 965 Apollod0r02),
606 881 810 967 Hyginoss)
846 883 1007 947 consentit
1041 904 1078 946 ea
1108 905 1158 962 re,
1190 883 1276 966 quod
1306 883 1432 966 legatos

259 989 369 1054 statim
394 990 427 1053 in
451 989 618 1074 Scyrum
645 989 757 1054 missos
781 990 878 1074 fingit
901 992 989 1075 (non,
1006 996 1042 1054 ut
1059 989 1157 1055 schol.
1177 988 1279 1054 T326
1303 989 1433 1073 legitur,

260 1097 363 1179 primo
395 1098 434 1161 ad
461 1097 598 1175 Peleum‚
628 1096 702 1161 inde
733 1099 773 1161 ad
802 1098 1037 1182 Lycomedem),
1071 1119 1265 1182 quamquam
1298 1120 1337 1161 ex
1368 1097 1433 1161 illis

260 1227 363 1289 neque
386 1207 469 1268 unde
493 1205 629 1286 profecti
654 1205 720 1270 sint
743 1205 861 1291 legati,
894 1205 1009 1269 Aulide
1033 1229 1074 1269 an
1099 1204 1212 1284 Troia,
1243 1227 1345 1289 neque
1370 1228 1433 1288 qua

203 1386 206 1391 ,
260 1311 385 1377 ratione
394 1311 552 1377 Achillem
568 1312 668 1396 Scyro
681 1314 841 1378 occultum
856 1335 924 1377 esse
937 1311 1185 1395 exploraverint,
1198 1311 1277 1376 satis
1289 1317 1433 1393 apparet.

263 1417 444 1484 Verisimile
474 1424 582 1483 tamen
615 1425 664 1484 est
697 1443 750 1485 eos
780 1443 831 1484 res
856 1444 874 1484 a
898 1419 1002 1484 Statio
1033 1419 1162 1501 copiose
1186 1424 1351 1484 enarratas
1374 1441 1433 1500 pro

261 1526 521 1608 compendiorum
552 1527 677 1592 ratione
709 1525 907 1592 contraxisse
938 1532 1064 1592 tantum
1090 1527 1140 1591 vel
1171 1526 1434 1609 praetermisisse,

262 1657 327 1698 non
350 1633 498 1699 variasse.
537 1634 609 1699 Hoc
634 1635 693 1698 etsi
718 1657 843 1700 sumere
866 1635 951 1715 licet,
976 1639 1083 1699 tamen
1108 1638 1141 1698 et
1165 1635 1205 1697 ab
1229 1632 1377 1698 Ovidio
1402 1638 1433 1698 et

262 1765 281 1804 a
303 1741 458 1806 fabularis
488 1741 642 1806 historiae
673 1742 884 1824 scriptoribus
916 1741 1038 1806 Statius
1070 1741 1230 1823 discrepat
1260 1740 1294 1804 iu
1317 1740 1435 1826 legatis

263 1847 417 1932 eligendis
440 1848 562 1913 Ulixe
591 1854 623 1913 et
647 1850 856 1930 Diomede,
887 1873 959 1914 cum
983 1848 1143 1914 Ovidius
1166 1847 1254 1914 Ulixi
1279 1848 1435 1932 adiungat

263 1955 439 2035 Aiacem,
464 1954 705 2022 semideae
723 1956 968 2021 Phoenicem
993 1956 1255 2035 e'tNestorem,
1272 1954 1433 2036 Apollo-

263 2063 385 2126 dorus
409 2068 441 2128 et
464 2062 656 2149 Hyginus
680 2065 845 2130 Ulixem
869 2065 982 2144 solum,
1006 2070 1042 2128 ut
1066 2063 1122 2149 qui
1138 2064 1247 2155 dolum
1263 2062 1434 2144 paraverit,

263 2169 429 2234 nominent
453 2171 567 2234 ceteris
590 2172 737 2236 consulto
761 2171 1006 2253 praetermissis,
1037 2173 1120 2235 unde
1143 2171 1219 2235 licet
1243 2169 1433 2234 concludere

262 2276 296 2339 in
321 2277 481 2341 communi
506 2299 613 2342 eorum
639 2279 729 2343 fonte
753 2279 862 2361 plures
887 2281 1071 2343 numeratos
1095 2278 1193 2342 fuisse
1216 2282 1370 2342 oratores.
1393 2315 1431 2322 —

262 2383 340 2449 (lum
365 2383 468 2449 Statio
493 2385 644 2469 congruit
674 2385 966 2450 Philostratus
998 2385 1129 2450 minor
1158 2384 1192 2449 in
1216 2384 1357 2469 imagine
1381 2385 1435 2448 de-

264 2491 431 2556 scribenda
460 2493 607 2575 prima,
642 2493 697 2558 ubi
722 2494 819 2558 verba
843 2493 922 2557 facit
946 2493 1040 2558 haec:
1076 2491 1182 2576 λόγου
1202 2491 1271 2575 γὰρ
1295 2491 1333 2569 ἐς
1356 2488 1436 2569 τούς

262 2596 429 2685 Ἕλληνας
452 2599 657 2681 ἐμπεσόντος
681 2610 741 2662 τοῦ
757 2611 816 2687 τῆς
845 2599 984 2680 Θέτιδος
1007 2600 1201 2684 ἀπορρήτου
1224 2596 1436 2660 στέλλεται

264 2703 473 2793 Διομήὸης
502 2707 578 2788 ξὺν
607 2705 799 2771 Ὀδυσσεῖ
824 2708 890 2769 ἐπὶ
913 2708 989 2794 τὴν
1012 2706 1179 2788 Σκῦρον
1202 2703 1437 2789 ὁιελέγξοντες

265 2813 327 2900 ὅπη
358 2823 462 2876 ταῦτα
491 2815 561 2902 ἔχει
593 2836 622 2876 n.
646 2835 674 2876 τ.
698 2814 728 2877 λ.
793 2816 880 2880 Idem
912 2815 1014 2901 legati
1046 2818 1219 2878 occurrunt
1252 2813 1370 2895 depicti
1403 2813 1435 2877 in

263 2921 398 3003 picturis
422 2923 613 3006 quibusdam
638 2923 855 3005 parietariis4)
879 2923 973 2987 nobis
990 2922 1125 2986 servatis
1141 2925 1173 2986 et
1189 2922 1222 2985 in
1243 2920 1437 3006 anaglyphis

264 3028 497 3111 sepulcralibus
520 3030 583 3095 iam
608 3053 705 3111 supra
728 3030 907 3112 laudatis.⁵)
953 3030 1048 3097 Unde
1069 3031 1207 3094 efficitur
1231 3028 1374 3092 fabulam
1399 3028 1436 3090 de

264 3135 387 3200 Ulixe
418 3141 450 3200 et
480 3136 673 3202 Diomede
707 3137 827 3218 missia,
863 3138 923 3202 etsi
954 3142 1084 3219 praeter
1106 3136 1247 3202 Statium
1279 3156 1436 3218 nusquam

265 3243 385 3327 legitur
416 3243 550 3323 tradita,
581 3249 688 3308 tamen
720 3268 784 3309 non
809 3246 849 3308 ab
874 3267 911 3309 eo
935 3250 1085 3309 novatam
1111 3267 1194 3322 esse,
1228 3244 1281 3306 sed
1306 3264 1322 3304 e
1346 3242 1436 3304 fonte

265 3351 414 3414 haustam
430 3351 606 3416 vetustiore
622 3352 715 3416 nobis
732 3352 897 3433 deperdito
914 3352 1011 3416 simili
1028 3351 1074 3434 iis,
1095 3375 1111 3416 e
1128 3350 1244 3434 quibus
1260 3350 1437 3413 hauserunt

266 3459 412 3538 artifices,
436 3459 474 3524 de
491 3483 554 3543 qua
569 3482 604 3524 re
620 3459 705 3525 infra
730 3460 974 3542 disputabimus,
1012 3459 1135 3523 Statius
1156 3462 1193 3522 ut
1209 3458 1292 3520 hanc
1308 3454 1437 3519 fabulae

265 3566 403 3648 speciem
426 3566 562 3649 picturis
585 3568 678 3632 nobis
702 3573 862 3632 servatam
887 3566 1019 3651 reliquis
1041 3565 1220 3647 praeferret
1243 3563 1327 3626 etin
1344 3584 1437 3626 usum

266 3698 356 3740 suum
387 3678 603 3752 converteret,
635 3675 774 3740 fortasse
805 3697 842 3740 eo
867 3676 1022 3739 adductus
1046 3676 1110 3752 est,
1140 3672 1226 3755 quod
1253 3670 1286 3733 in
1311 3673 1380 3733 tota
1403 3690 1438 3731 re

266 3783 450 3847 exornanda
473 3781 639 3846 Homeri
664 3783 844 3864 exemplum
862 3781 922 3846 sibi
939 3786 1150 3863 proposuerat
1166 3778 1366 3856 imitandum,
1383 3774 1438 3858 qui

213 3965 217 3974 ’
343 3975 359 4043 ¹)
380 3979 495 4033 nesam.
515 3979 583 4031 xur
604 3978 654 4032 162
674 3994 730 4046 seq.

343 4063 360 4131 ⁹)
379 4069 421 4121 in
443 4069 501 4121 174.

341 4154 359 4222 ⁸)
379 4159 436 4214 fau.
460 4159 503 4212 oc.

340 4246 358 4312 ⁴)
378 4249 413 4304 cf.
433 4249 544 4316 Helbig,
565 4248 733 4314 Wandgem.
753 4265 794 4300 nr.
817 4246 892 4300 1297.
992 4311 995 4316 ι

341 4335 359 4404 ⁶)
378 4340 492 4404 norea,
511 4339 529 4394 1.
549 4339 566 4393 1.
586 4339 633 4408 fig.
653 4337 696 4402 ao,
715 4336 758 4401 21,
778 4336 821 4400 24,
841 4336 884 4401 ar,
904 4335 947 4399 aa,
967 4335 1009 4397 ao,
1029 4333 1063 4387 aa
1092 4334 1135 4386 ae.
