3292 5034
666 477 879 538 ..29-

190 669 300 734 lustris
325 674 399 734 autc
423 693 517 753 quam
543 669 665 735 Statius
693 672 910 754 fragmentum
936 692 1128 752 componere
1151 670 1302 749 instituit,
1325 671 1358 734 in

190 800 282 841 usum
318 798 410 841 suum
446 776 604 842 convertit
635 776 836 842 Valerius
866 777 1055 857 Flaccus,
1088 778 1134 841 ita
1167 782 1291 857 tamen,
1324 783 1360 842 ut

98 943 102 948 .
191 883 376 948 Patroclum
399 907 464 947 non
489 907 507 946 a
531 884 626 948 Peleo
650 883 807 964 missum,¹
825 885 878 947 sed
903 907 922 946 a
946 888 1036 965 patre
1061 908 1132 949 cum
1158 885 1360 970 Argonautis

191 991 223 1054 iu
257 991 392 1056 Colchos
424 992 609 1072 profecturo
642 990 774 1055 Chironi
807 990 960 1056 traditum
995 993 1133 1076 lingeret
1161 993 1360 1076 Argonauti-

191 1121 298 1162 eorum
324 1098 395 1165 libr.
420 1097 435 1162 Ι
459 1097 604 1162 versibus
628 1099 691 1162 407
717 1120 818 1181 seqq:

351 1277 464 1361 {iuquit
489 1283 515 1340 et
538 1276 700 1340 Actorides
723 1283 833 1340 ueturu
858 1276 1002 1340 Chironis
1027 1279 1059 1340 iu
1083 1284 1184 1359 outre,

351 1389 384 1445 ut
407 1385 508 1446 socius
531 1404 603 1445 eure
621 1384 719 1465 pori
726 1389 785 1445 ter
806 1383 970 1446 meditetur
993 1383 1110 1446 Achilli

348 1489 406 1570 pile
429 1491 515 1574 iyrue
532 1491 758 1573 pariterque
781 1491 857 1552 leves
878 1511 956 1573 puer
979 1492 1083 1554 incitet
1106 1491 1221 1570 tostus,

353 1593 468 1678 [discet
492 1617 580 1680 eques
598 1596 722 1678 placidi
745 1596 945 1660 conscendere
967 1603 1051 1680 terqe
1075 1596 1232 1681 inepistri]
1250 1598 1273 1680 ¹)

192 1796 272 1858 quos
295 1797 405 1838 versus
436 1774 540 1839 Statio
571 1775 758 1839 obversatus
789 1797 858 1838 esse
886 1775 981 1841 facila
1004 1797 1193 1860 eognosceS,
1224 1777 1250 1840 si
1275 1799 1361 1842 com·

193 1881 355 1962 paraveris
379 1903 404 1946 e.
417 1903 447 1965 g.
464 1881 572 1948 Achl
593 1884 653 1946 176
675 1903 747 1965 pur
769 1883 882 1946 studiis
901 1884 1028 1967 uerique
1042 1883 1150 1965 inedia
1166 1906 1248 1966 quae
1264 1886 1361 1950 verba

192 1989 396 2053 illustrantur
421 1993 453 2052 et
477 1987 679 2069 explicantur
703 1988 813 2052 Valeri
838 1988 982 2053 versibus
1005 1991 1079 2068 408,
1096 1993 1125 2054 9.
1163 1988 1277 2074 Itaque
1301 1991 1360 2056 etsi

193 2100 364 2178 utrumque
388 2118 405 2159 e
429 2095 590 2159 communi
613 2094 703 2159 fonte
728 2095 871 2160 hausisse
896 2095 1007 2180 negari
1031 2119 1096 2159 non
1114 2102 1228 2177 potest,
1252 2103 1358 2163 tamen

193 2201 272 2265 mihi
296 2201 423 2285 quidem
447 2202 544 2286 longa
564 2201 767 2266 verisimilius
791 2201 1006 2266 videturesse
1031 2201 1168 2268 Statium
1193 2227 1212 2267 a
1231 2205 1361 2269 Valerio

195 2309 309 2372 Flacco
335 2309 472 2388 pendere
497 2312 529 2372 et
553 2307 620 2372 eius
645 2308 790 2389 exemplo
815 2309 988 2372 adductum
1012 2330 1089 2389 esse,
1113 2315 1149 2374 ut
1164 2311 1307 2376 fabulam
1324 2313 1362 2375 de

194 2416 343 2480 Patroclo
368 2438 438 2480 cum
456 2415 582 2480 Achille
606 2417 690 2496 apud
707 2414 877 2480 Chironem
900 2417 1034 2480 educato
1050 2417 1184 2480 carmini
1200 2418 1362 2484 insereret.

194 2522 340 2586 Ceterum
374 2523 543 2587 Patroclus
575 2521 713 2586 Achillis
747 2522 918 2603 splendore
953 2522 1045 2605 quasi
1079 2524 1193 2587 umbra
1228 2525 1363 2589 obrutus

193 2629 272 2693 satis
304 2628 488 2714 neglegitur
522 2633 555 2693 et
586 2629 762 2694 aThetide
796 2633 829 2694 et
861 2628 1057 2709 aChirone,
1090 2630 1217 2694 additus
1240 2631 1362 2695 Achilli

194 2735 289 2799 simili
313 2737 446 2816 ratione,
470 2759 533 2819 qua
556 2735 589 2799 in
614 2735 781 2820 tragoedia
804 2735 942 2819 Pylades
966 2733 1083 2801 Oresti.

262 2879 322 2942 His
360 2879 499 2960 peractis
538 2879 732 2944 Chironis
778 2884 905 2943 antrum
951 2879 1057 2943 animo
1096 2881 1187 2964 quasi
1225 2881 1363 2966 ingressi

194 2987 356 3051 videamus
368 2986 515 3068 primum,
532 2986 636 3069 qualis
653 2985 721 3066 ipse
736 2985 834 3050 fuisse
851 2992 1008 3065 narretur,
1025 2987 1146 3065 deinde,
1162 3010 1226 3070 qua
1239 2989 1363 3053 ratione

194 3308 312 3373 ἔπεμπε
338 3325 419 3362 sensu
439 3310 524 3371 caret,
547 3306 699 3376 requiritur
718 3307 875 3376 passivum
903 3309 1004 3363 deinde
1024 3309 1099 3378 quod
1118 3310 1216 3364 Peleus
1235 3309 1363 3364 Chironis

194 3398 277 3462 θεῖος
294 3398 460 3466 appellatur,
481 3395 615 3464 explicari
635 3414 691 3451 nen
710 3401 804 3465 potest
823 3398 878 3450 nisi
898 3415 931 3452 ea
945 3397 1064 3461 ratione,
1085 3401 1117 3452 ut
1129 3399 1181 3452 hac
1195 3415 1262 3453 voce
1275 3399 1364 3452 alfini·

195 3475 284 3542 ta'tem
311 3484 462 3553 significari
488 3485 516 3538 in
543 3485 703 3540 universum
730 3488 902 3550 statuamus,
929 3486 1007 3540 cuius
1032 3505 1098 3540 usus
1121 3489 1218 3541 tamen
1236 3488 1364 3555 exempla

195 3577 304 3631 desunt.
340 3575 423 3639 θεῖος
447 3592 556 3643 semper
583 3575 658 3628 idem
680 3575 754 3630 valet
780 3593 813 3629 ae
840 3579 997 3643 patruus
1022 3577 1066 3630 vel
1092 3577 1298 3630 avunculus
1326 3577 1365 3639 (et

195 3682 292 3720 revera
311 3666 410 3720 Peleus
429 3664 512 3729 det-og
535 3663 590 3718 fuit
608 3665 733 3719 Patrocli
756 3666 906 3719 secundum
927 3665 1089 3729 Hesiodum,
1116 3666 1164 3733 qui
1183 3666 1273 3720 tradit
1291 3671 1364 3721 teste

196 3755 344 3810 Eustathio
354 3751 477 3821 [Homer.
489 3754 549 3818 112,
559 3755 594 3808 44
605 3771 670 3821 seq,
682 3755 715 3808 cf.
726 3755 818 3808 Rauch
828 3748 838 3776 ¹
850 3754 903 3821 frg.
911 3752 956 3821 84]
972 3754 1143 3809 Menoetinm
1157 3754 1235 3809 Pelei
1248 3755 1365 3810 fratrem

196 3844 297 3907 fuisse).
335 3845 414 3907 Tum,
440 3844 508 3897 licet
527 3846 684 3898 statuamus
706 3861 771 3898 voce
791 3843 874 3908 θεῖος
895 3844 1048 3910 significari
1067 3844 1236 3899 affinitatem
1257 3845 1286 3898 in
1306 3846 1365 3898 uni·

196 3952 314 3994 versum,
341 3937 437 3988 tamen
463 3933 493 3986 in
512 3933 596 3987 dubio
622 3932 792 4000 relinquitur
811 3931 847 3997 dg
872 3950 1024 4001 pronomen
1047 3936 1140 3987 utrum
1161 3933 1196 3986 ad
1216 3932 1365 3987 Chironem

196 4025 369 4078 referendum
399 4021 437 4076 sit
464 4041 500 4076 an
529 4023 564 4076 ad
595 4023 716 4076 Peleum.
772 4021 877 4083 Quibus
906 4021 1090 4076 consideratis
1121 4021 1219 4076 scholii
1249 4021 1365 4077 minoris

195 4111 343 4168 lectionem
364 4112 577 4180 praeferendam
597 4129 656 4166 esse
676 4129 783 4166 censeo.

140 4306 144 4314 ι
271 4236 288 4302 'l
307 4239 388 4292 Hune
402 4256 511 4293 versum
525 4238 639 4293 seclusit
652 4238 780 4299 Schenkl,
800 4238 835 4291 ef.
849 4237 908 4291 eius
927 4238 1045 4293 Studien
1059 4256 1091 4291 zu
1104 4238 1158 4291 den
1173 4238 1364 4304 Argonautica

196 4331 244 4384 des
264 4329 356 4383 Valsr.
377 4327 475 4391 Flacc,
495 4327 578 4382 Wien
600 4327 676 4393 1871,
696 4345 760 4396 pag.
782 4328 822 4381 12.
