3292 5034
687 469 904 531 ..57-

210 666 317 743 potest
342 661 528 746 anaglypha
551 684 621 725 cum
647 662 788 726 carmine
812 662 959 727 Statiano
977 662 1105 727 vinculo
1129 662 1237 746 aliquo
1262 664 1381 728 artiore

211 769 382 833 coniuncta
406 791 584 852 essequam
609 752 732 854 reliqua
756 770 852 834 huius
875 770 1003 854 generis
1027 775 1233 834 monumenta
1249 777 1382 852 propter

211 875 436 940 similitudines
460 898 533 960 pag.
558 878 600 941 36
625 883 657 941 et
680 879 722 942 45
747 879 991 942 demonstratas

277 982 367 1046 Haec
391 983 517 1066 quidem
543 985 581 1047 de
609 984 732 1048 Achille
756 985 921 1066 patefacto
945 989 978 1048 et
999 985 1037 1048 de
1060 965 1275 1048 monumentis
1299 985 1382 1048 hano

212 1114 277 1154 rem
309 1090 557 1155 illustrantibus.
603 1091 670 1154 lam
695 1114 776 1174 quae
802 1092 956 1176 leguntur
980 1093 1018 1155 de
1041 1092 1219 1175 Lycomede
1242 1091 1326 1156 irato
1351 1099 1383 1156 et

212 1197 341 1264 Graccis
377 1197 650 1262 intercedentibus
680 1199 823 1280 placato,
859 1203 955 1280 poeta
986 1200 1016 1263 vi
1047 1200 1185 1282 quadam
1216 1199 1383 1264 exornavit

212 1305 387 1369 dramatica
411 1309 443 1369 et
462 1305 575 1385 iocose,
597 1329 669 1369 nam
687 1307 772 1390 quod
791 1306 948 1393 Achillem
966 1307 1070 1388 primo
1087 1311 1195 1388 petere
1212 1307 1381 1392 coniugem

211 1414 310 1476 filiam
336 1436 354 1476 a
377 1413 562 1496 Lycomede,
592 1405 688 1495 paulo
713 1409 787 1495 post
810 1436 885 1478 vero
910 1435 1018 1498 regem
1042 1415 1105 1477 iam
1136 1436 1319 1478 socerum
1351 1418 1383 1476 et

212 1542 325 1583 avum
350 1519 513 1601 appellare
536 1520 632 1604 fingit
649 1521 773 1603 Pyrrho
796 1525 959 1584 ostentato
985 1521 1064 1584 satis
1088 1523 1190 1585 facete
1214 1521 1381 1584 inventum

213 1649 280 1690 esse
304 1628 466 1691 concedes
502 1627 622 1691 Versus
639 1630 823 1707 eor-915,
845 1629 962 1712 quibus
978 1628 1172 1712 Lycomedes
1192 1627 1383 1692 describitur

213 1733 315 1797 iratus
346 1740 378 1798 et
401 1756 518 1816 anceps
542 1735 607 1798 utri
631 1736 837 1818 obsequatur,
868 1726 998 1799 Thetidi
1021 1759 1062 1798 an
1087 1735 1222 1814 Achilli,
1253 1736 1382 1798 tandem

213 1863 287 1906 vero
305 1842 453 1921 precibus
469 1841 660 1906 Graecorum
679 1848 711 1907 et
726 1843 802 1908 fatis
820 1838 923 1907 rictus
938 1842 1097 1908 Achillem
1116 1845 1154 1906 ad
1172 1842 1290 1906 bellum
1308 1864 1383 1923 pro-

212 1949 311 2012 ficisci
324 1949 456 2029 patitur,
469 1949 673 2013 illustrantur
686 1951 889 2034 aliquatenus
901 1950 1174 2035 sarcophagorum
1189 1949 1385 2034 anaglyphis

214 2058 283 2119 2la
301 2062 332 2118 et
350 2059 401 2136 25,
426 2057 480 2120 ubi
497 2061 602 2120 tamen
621 2058 715 2121 etiam
735 2059 936 2143 Agamemno
952 2079 1105 2138 praesens
1120 2058 1264 2141 fingitur,
1281 2079 1383 2140 neque

213 2162 443 2244 probabilitate
457 2169 552 2242 caret,
563 2166 647 2247 quod
658 2164 819 2229 Robertus
830 2165 862 2228 in
872 2164 1011 2249 imagine
1022 2164 1129 2246 priore
1142 2164 1384 2245 interpretanda

213 2269 394 2351 suspicatus
425 2275 473 2333 est
496 2271 577 2334 hanc
601 2272 730 2336 fabulae
753 2277 878 2354 partem
903 2273 937 2336 in
967 2271 1185 2352 Euripidis
1217 2270 1384 2355 tragoedia

213 2376 384 2458 praecipue
408 2378 585 2459 expositam
610 2378 715 2446 luisse.

282 2483 369 2559 Quae
400 2484 512 2548 deinde
543 2491 716 2549 narrantur
747 2487 785 2549 de
817 2486 912 2551 Peleo
944 2487 1079 2551 certiore
1109 2488 1196 2550 facto
1228 2490 1260 2548 et
1288 2507 1386 2549 naves

215 2591 342 2654 mittere
366 2591 461 2672 iusso,
485 2593 523 2655 de
549 2592 674 2657 Achille
698 2598 730 2657 et
746 2593 913 2657 Deidamia
937 2594 1041 2675 prima
1065 2599 1158 2657 nocte
1183 2598 1215 2656 et
1236 2615 1385 2673 suprema

213 2699 298 2762 iusto
329 2699 456 2763 foedere
487 2700 667 2764 coniunctis
681 2701 714 2782 1),
746 2707 873 2782 poetam
904 2724 963 2782 pro
988 2725 1092 2765 rerum
1118 2700 1243 2764 ratione
1267 2701 1304 2763 de
1328 2721 1385 2763 suo

214 2805 387 2887 sumpsisse
408 2806 579 2872 verisimile
603 2812 661 2888 est,
685 2831 742 2872 nec
758 2808 865 2872 minus
880 2810 965 2892 quod
982 2808 1143 2872 Achillem
1159 2807 1265 2873 Ulixis
1289 2807 1386 2885 iussu,

215 2913 401 2997 priusquam
418 2938 515 2980 naves
531 2916 708 2997 solvuntur,
729 2917 795 2980 deis
812 2909 944 2979 marinis
960 2938 1050 2979 sacra
1066 2916 1237 2979 facientem
1254 2914 1386 2991 inducit,

216 3023 277 3087 hoc
301 3044 339 3086 ex
363 3045 422 3086 usu
445 3023 605 3087 communi
623 3025 661 3086 ad
678 3028 818 3088 nostram
838 3023 979 3088 fabulam
998 3023 1094 3086 simili
1110 3025 1235 3086 ratione
1252 3022 1385 3102 aptavit,

216 3151 252 3192 ac
277 3128 473 3194 Valerius
495 3129 668 3195 Flaccus
698 3133 736 3195 de
761 3130 975 3216 Argonautis
1006 3136 1176 3214 postquam
1208 3150 1320 3192 navem
1352 3129 1386 3191 in

217 3260 304 3302 marc
329 3240 542 3317 deduxerunt,
567 3238 659 3304 dicit:
692 3247 756 3302 turn
779 3241 853 3302 lecti
875 3246 1016 3303 stutuuut
1039 3260 1132 3316 urus;
1162 3237 1232 3313 tihi,
1255 3243 1387 3300 rector

8 3365 9 3418 l
125 3371 128 3375 ·
215 3367 427 3431 uquarum,
458 3347 1029 3428 summusbouor,tibicueruleis
1054 3347 1198 3408 inlitora
1223 3345 1386 3408 uitiiset

216 3454 364 3538 Zephyris
397 3454 575 3536 Glaucoque
610 3453 735 3517 bouem
771 3454 1013 3538 Thetidique
1047 3455 1255 3516 iuuencum
1285 3451 1387 3514 Deieit

216 3562 360 3625 Aucueus
385 3584 409 3625 e.
426 3583 455 3644 q.
472 3561 526 3640 s.²)

284 3668 444 3751 Denique,
475 3670 548 3732 dum
578 3669 777 3732 Deidamiam
811 3691 881 3732 cum
916 3669 1039 3752 Pyrrho
1071 3666 1194 3730 infante
1227 3689 1265 3730 ex
1299 3670 1387 3729 turre

219 3775 375 3839 Achillem
411 3777 449 3838 ad
483 3776 602 3839 bellum
635 3777 855 3856 profecturum
889 3797 991 3859 neque
1026 3796 1175 3858 umquam
1211 3773 1387 3836 rediturum

217 3883 318 3946 oculis
351 3883 500 3966 prosequi
531 3889 657 3962 narrat,
688 3883 715 3946 ei
740 3884 876 3946 fortasse
908 3883 1135 3961 obversantur,
1166 3903 1247 3964 quae
1271 3879 1388 3944 similia

292 4149 309 4214 ¹)
330 4170 370 4205 vv.
394 4151 543 4208 sel-960.
577 4149 579 4153 ’

292 4235 308 4301 'l
329 4239 440 4294 Similia
467 4242 584 4294 tradunt
613 4239 789 4307 Vergilius
817 4240 895 4303 (Aen.
922 4241 963 4292 Ill
992 4239 1042 4292 118
1062 4256 1147 4306 seqq„
1178 4238 1201 4291 V
1221 4237 1273 4290 234
1292 4236 1386 4303 seqq),
1494 4223 1496 4226 ¹

218 4328 334 4384 Silius
354 4329 515 4384 Italicus
534 4330 621 4393 (xvii
641 4331 675 4384 48
695 4331 789 4398 sequ).
