3292 5034
711 492 903 552 „5-

220 687 282 748 erit
305 685 529 768 qurmrendum,
564 689 722 766 quatenns
747 683 806 747 hoc
830 681 962 746 licentia
985 704 1061 746 usus
1085 681 1128 745 sit
1155 686 1260 762 poeta,
1284 680 1330 745 ita
1354 686 1390 746 ut

220 798 399 856 statuamus
422 797 454 855 et
470 813 551 874 quae
576 792 612 854 ad
639 791 744 855 fontes
768 812 842 854 suos
865 789 991 871 possint
1015 788 1157 852 revocari
1179 793 1212 852 et
1227 810 1309 871 quae
1332 811 1391 852 suo

220 921 355 964 novasse
379 898 526 962 videatur
555 902 652 978 poeta
682 896 812 982 ingenio
842 901 874 960 et
897 901 967 960 arte
989 895 1141 978 fingendi.
1188 895 1259 959 Hoc
1282 898 1391 958 tamen

221 1028 345 1086 semper
376 1027 489 1069 moneo
517 1026 585 1068 esse
617 1005 788 1068 tenendum
821 1002 914 1068 nobis
946 1003 1110 1066 minimam
1140 1005 1298 1066 servatam
1323 1022 1391 1064 esse

220 1117 344 1194 partem
370 1135 477 1176 eorum
502 1133 583 1194 quos
600 1110 703 1175 Statio
721 1110 889 1175 exhaurire
904 1110 1022 1174 licebat
1038 1108 1187 1174 fontium.
1221 1092 1392 1172 Praeterea

220 1241 270 1282 res
302 1220 341 1282 ad
365 1218 540 1282 Troianum
565 1241 646 1301 quae
678 1217 843 1299 pertinent
875 1217 992 1281 bellum
1027 1221 1093 1280 tam
1118 1217 1269 1301 vulgatae
1299 1219 1393 1280 erant

221 1325 377 1409 antiquis,
407 1329 443 1389 ut
467 1325 598 1388 difficile
623 1325 666 1388 sit
690 1330 812 1388 certum
838 1323 979 1388 indicare
1003 1323 1208 1404 scriptorem,
1239 1345 1334 1406 quem
1358 1321 1391 1386 in

221 1435 281 1498 hac
305 1433 355 1496 vel
381 1431 437 1496 illa
460 1455 494 1495 re
514 1432 721 1495 describenda
738 1431 909 1508 tritissima
924 1436 1053 1496 secutus
1069 1431 1112 1495 sit
1127 1421 1231 1511 poeta.
1270 1430 1389 1494 Tamen

221 1563 330 1604 omnes
361 1540 491 1603 fabulae
514 1543 632 1619 partes,
666 1542 827 1622 quatenus
850 1537 1049 1602 Achilleidos
1072 1538 1280 1602 continentur
1303 1537 1392 1620 frag-

220 1651 338 1726 ment0,
362 1651 541 1728 temporum
564 1645 675 1709 ordine
692 1668 829 1709 conexas
846 1647 885 1709 ad
901 1647 1017 1726 fontes
1033 1649 1190 1728 quantum
1207 1644 1392 1725 poterimus,

222 1753 441 1817 revocabimus
464 1752 593 1832 primos,
619 1774 698 1835 quos
714 1751 863 1830 Statium,
887 1757 1015 1832 poetam
1033 1750 1293 1831 doctissimum¹),
1317 1755 1392 1814 ante

221 1860 330 1924 oculos
354 1859 504 1923 habuisse
528 1863 584 1922 aut
609 1858 812 1922 manifestum
838 1863 894 1922 aut
917 1857 1089 1939 verisimile
1113 1867 1169 1924 est.

289 1966 339 2030 Ab
363 1967 414 2030 his
437 1965 538 2051 igitur
561 1965 742 2030 rationibus
765 1964 903 2046 profecti
927 1965 960 2028 in
985 1964 1135 2039 carminis
1152 1964 1233 2046 epici
1250 1963 1390 2030 Statiani

221 2076 326 2138 fontes
360 2072 520 2158 inquirere
553 2073 759 2137 instituemus
791 2073 837 2136 ita
870 2077 907 2136 ut
938 2071 1043 2154 primo
1074 2073 1145 2136 loco
1180 2093 1314 2156 agamus
1347 2073 1392 2140 de

220 2182 342 2245 rebus
374 2203 531 2244 summam
555 2178 763 2259 Achilleidos
791 2201 872 2264 quae
896 2180 1002 2260 posita
1027 2179 1131 2243 estin
1156 2178 1284 2244 Achille
1308 2179 1392 2259 apud

220 2287 392 2351 Chironem
429 2289 578 2367 educate,
614 2288 687 2350 inde
723 2286 857 2370 Scyrum
890 2287 1029 2352 abducto
1059 2287 1167 2371 ibique
1202 2287 1329 2351 occulto
1361 2291 1393 2350 et

220 2394 326 2460 Ulixis
343 2394 424 2458 dolis
439 2395 601 2476 patefacto
626 2394 992 2476 praecedentibus,
1016 2417 1096 2478 quas
1112 2401 1210 2477 poeta
1226 2392 1392 2458 occasione

186 2556 188 2562 .
221 2502 295 2564 data
326 2501 474 2586 stringit,
505 2501 617 2565 deinde
642 2502 679 2564 de
702 2501 798 2565 rebus
822 2525 841 2564 a
864 2500 968 2566 Statio
993 2501 1121 2582 copiose
1146 2501 1392 2565 6101611616-

220 2607 323 2688 pictis.
371 2607 506 2672 Prima
528 2607 630 2692 igitur
653 2612 745 2688 parte
769 2608 863 2672 nobis
887 2608 1055 2672 dicendum
1079 2607 1141 2672 erit
1168 2607 1199 2690 l)
1218 2608 1256 2672 (16
1273 2607 1392 2672 fabulis

221 2715 260 2778 ad
286 2714 371 2778 Pelei
403 2721 435 2778 et
465 2714 611 2778 Thetidis
642 2714 828 2799 coniugium
852 2714 1131 2795 ,pcrtinentibus3·
1149 2714 1183 2796 2)
1208 2716 1246 2779 dc
1269 2716 1392 2778 formae

222 2821 396 2886 certamine
428 2822 513 2886 inter
542 2821 672 2902 nuptias
702 2820 775 2886 illas
805 2827 878 2885 orto
908 2825 941 2885 et
964 2844 983 2884 a
1006 2821 1121 2884 Paride
1145 2820 1177 2885 in
1203 2821 1259 2885 lda
1283 2828 1392 2886 monte

222 2928 412 3006 diiudicat03
448 2929 482 3011 3)
507 2930 545 2992 de
568 2929 694 2994 Helena
718 2951 736 2992 a
761 2927 876 2993 Paride
899 2933 994 3010 rapta
1017 2912 1166 3012 belloque
1189 2929 1263 2994 inde
1287 2929 1391 2994 exori·

221 3039 312 3114 turo;
343 3035 377 3118 4)
402 3037 440 3100 (16
463 3035 601 3100 Achillis
625 3040 710 3100 sorte
735 3035 866 3100 Chironi
892 3037 1032 3101 nondum
1057 3036 1177 3104 traditi.

287 3143 432 3207 Altera
464 3165 539 3223 pars
569 3131 748 3208 continebit
771 3143 894 3223 omnia,
925 3165 1007 3227 quae
1030 3145 1178 3207 feruntur
1202 3145 1240 3207 de
1266 3141 1391 3206 Achille

220 3250 305 3330 apud
337 3247 531 3313 Centaurum
565 3250 707 3316 educato.
755 3249 898 3313 Tertia
930 3249 1043 3313 deinde
1074 3273 1149 3329 pars
1179 3249 1392 3330 amplectetur

220 3354 381 3419 Achillem
409 3378 428 3418 a
458 3358 560 3419 matre
594 3354 727 3438 Scyrum
761 3357 933 3419 abductum
967 3355 1075 3438 ibique
1107 3355 1244 3439 virginis
1277 3355 1408 3430 habitu⁴

220 3462 416 3526 occultatum
455 3461 587 3546 eiusque
623 3485 694 3526 cum
729 3461 897 3526 Deidamia
935 3462 1197 3527 consuetudinem
1237 3462 1388 3527 furtivam

220 3569 369 3653 quodque
391 3569 465 3634 inde
489 3568 603 3634 evenit.
646 3569 802 3646 Quarto
827 3568 1093 3652 deniquecapite
1116 3570 1209 3634 nobis
1231 3573 1390 3656 agendum

219 3677 281 3741 erit
304 3677 442 3758 primum
465 3678 503 3741 de
520 3677 650 3743 Graecis
673 3676 813 3760 undique
838 3677 957 3741 bellum
981 3678 1173 3758 parantibus
1191 3682 1225 3754 61
1240 3676 1390 3742 Aulidem

220 3784 499 3864 convenientibus,
535 3785 647 3848 deinde
683 3783 849 3849 deUlixe
884 3788 916 3848 et
949 3785 1102 3849 Diomede
1134 3785 1319 3849 Calchantis
1351 3808 1389 3848 ex

219 3891 371 3974 vaticinio
396 3890 528 3976 Scyrum
558 3891 679 3971 missis,
710 3890 843 3956 tertium
867 3893 905 3955 de
929 3892 1056 3956 Achille
1080 3892 1120 3956 ab
1146 3891 1240 3957 Ulixe
1264 3893 1389 3958 detecto

219 4000 312 4063 etad
338 3999 456 4063 bellum
482 3999 675 4081 profecturo.

218 4125 430 4134 ———--—--.-

294 4174 311 4241 ¹)
330 4179 364 4232 er.
385 4178 447 4232 sav.
466 4179 491 4232 v
511 4179 535 4244 a,
557 4149 614 4232 145⁸
627 4195 704 4246 seqq.

670 4339 936 4351 m
