3292 5034
744 451 961 512 ..66-

268 645 385 729 Atque,
402 645 463 710 etsi
479 667 577 727 supra
584 644 607 726 ¹)
625 644 796 709 statuimus
809 645 1000 728 quibusdam
1013 643 1206 728 anaglyphis
1218 665 1269 708 res
1283 642 1438 707 illustrari

268 752 354 818 Stati
377 752 525 834 proprias
548 751 598 816 rel
623 751 731 833 potius
756 773 838 835 quae
861 757 936 815 ante
952 750 1088 815 Statium
1107 773 1264 834 nusquam
1281 751 1440 834 legantur,

271 865 378 924 tamen
403 859 481 924 haec
505 882 522 923 e
546 859 650 924 Statio
674 859 789 924 hausta
814 881 882 922 esse
905 882 942 922 ea
966 860 1003 922 de
1027 882 1123 924 causa
1142 859 1193 922 vix
1217 857 1302 922 credi
1325 861 1441 938 potest,

270 969 355 1052 quod
387 967 420 1031 in
453 967 569 1044 isdem,
586 967 796 1051 sarcophagis
829 966 1010 1048 insculptae
1042 966 1284 1048 conspiciuntur
1317 986 1368 1028 res
1400 963 1440 1026 ab

270 1075 398 1139 Achille
422 1080 496 1138 ante
520 1073 648 1138 Troiam
673 1079 792 1158 gestae,
825 1097 907 1158 quae
930 1075 1114 1158 fragmento
1138 1073 1286 1138 Statiano
1310 1072 1440 1135 omnino

270 1207 334 1249 non
359 1183 566 1248 continentur
577 1181 613 1261 2),
637 1205 740 1266 neque
764 1182 936 1246 verisimile
960 1187 1008 1246 est
1032 1183 1171 1246 artifices
1194 1181 1329 1257 fabulas,
1361 1202 1440 1264 quas

239 1293 490 1377 .·depingerent,
514 1290 654 1373 undique
678 1289 854 1374 collegisse.
893 1289 965 1353 Hoc
989 1289 1015 1353 si
1038 1296 1191 1368 tenemus
1215 1288 1296 1352 nulli
1314 1287 1441 1351 dubita-

270 1400 375 1465 bimus
399 1402 540 1463 statuere
563 1414 618 1461 eos
643 1401 698 1460 aut
715 1420 731 1460 e
748 1397 846 1480 cyclis
869 1397 1097 1481 nrythologicis
1122 1395 1200 1477 ipsis
1217 1396 1362 1461 hausisse
1386 1403 1442 1459 aut

271 1529 309 1570 ex
329 1506 458 1584 tabulis
482 1504 598 1589 quibus
614 1503 662 1567 illi
679 1504 753 1567 libri
769 1504 932 1568 fabulares
948 1505 1104 1568 illustrari
1121 1504 1277 1583 solebant,
1302 1504 1443 1568 eiusdem

271 1616 336 1679 lere
360 1613 496 1698 generis,
521 1611 646 1695 qualem
672 1612 734 1675 iam
759 1635 858 1693 supra
881 1613 1126 1676 memoravimus
1149 1612 1290 1689 Iliacam,
1314 1616 1347 1674 et
1371 1603 1452 1674 Sta

271 1721 361 1799 tium,
376 1719 431 1784 ubi
448 1742 519 1784 cum
535 1719 600 1783 illis
616 1719 775 1803 congruit,
792 1741 808 1782 e
825 1718 922 1783 simili
938 1720 1028 1783 fonte
1044 1720 1198 1783 hausisse.
1220 1759 1250 1765 -
1271 1719 1443 1782 Praeterea

272 1827 457 1912 anaglypha
487 1826 519 1889 in
552 1826 612 1890 hac
639 1826 768 1890 fabulae
799 1827 837 1889 de
861 1849 924 1909 qua
948 1826 1057 1910 agitur
1080 1830 1172 1906 parte
1196 1826 1356 1889 reddenda
1379 1846 1444 1887 non

273 1935 374 1999 multo
409 1933 561 1998 maiorem
595 1935 631 1997 ad
658 1932 857 1998 Achilleidos
890 1934 1045 1997 accedunt
1077 1932 1320 1997 similitudinem
1348 1954 1442 2016 quam

272 2041 417 2123 picturae
440 2039 641 2122 parietariae,
665 2039 725 2103 nisi
750 2040 836 2124 quod
852 2039 1036 2104 distinctius
1054 2045 1087 2104 et
1102 2039 1304 2124 frequentius
1319 2039 1445 2124 legatos

274 2148 427 2212 exhibent
450 2147 579 2212 Ulixem
610 2152 642 2211 et
666 2146 852 2211 Diomedem
884 2170 955 2211 cum
984 2146 1171 2230 tibicine³);
1203 2169 1443 2229 nonnumquam

274 2255 369 2337 plane
393 2256 433 2319 ab
457 2277 494 2319 eo
519 2254 694 2334 discedunt,
718 2254 807 2318 velut
827 2277 873 2335 eo,
897 2256 981 2338 quod
998 2254 1111 2339 regina
1134 2253 1342 2336 inducitur⁴)‚
1366 2251 1444 2336 quin

273 2361 369 2426 etiam
397 2361 644 2446 Agamemno
675 2361 760 2425 inter
784 2360 923 2427 Graecos
954 2361 1197 2444 conspicitur⁵)‚
1228 2365 1260 2426 et
1284 2383 1330 2441 co,
1361 2361 1444 2444 quod

274 2473 343 2532 tota
367 2490 418 2531 res
441 2467 475 2531 in
498 2481 661 2552 gynaeceo
688 2468 742 2553 agi
765 2467 893 2533 videtur
903 2469 947 2552 ⁶),
979 2492 1050 2533 cum
1075 2468 1197 2533 Statius
1221 2490 1290 2532 eam
1314 2468 1348 2532 in
1373 2468 1446 2531 aula

274 2574 364 2658 regia
397 2579 498 2638 actam
533 2575 677 2658 fingatl)
725 2576 813 2651 Quae
846 2598 917 2640 cum
941 2576 988 2640 ita
1011 2576 1091 2655 sint,
1122 2575 1265 2640 Roberto
1297 2574 1446 2638 assentiri

274 2704 453 2763 propensus
477 2704 555 2761 sum,
586 2681 642 2766 qui
666 2683 703 2745 de
727 2683 1002 2766 sarcophagorum
1026 2682 1181 2763 exemplis
1206 2681 1325 2745 iudicat
1349 2682 1444 2744 haec:

280 2788 370 2868 ,Von
401 2787 488 2852 einer
512 2788 727 2873 Einwirkung
756 2790 812 2852 der
842 2812 883 2853 an
908 2787 1127 2873 Sagengehalt
1156 2787 1282 2852 freilich
1308 2789 1446 2851 iiberaus

276 2895 440 2980 durftigen
466 2894 620 2959 Achilleis
644 2897 698 2959 des
718 2894 843 2959 Statius
865 2896 935 2984 last
959 2895 1025 2959 sich
1051 2895 1205 2979 nirgends
1229 2900 1325 2958 etwas
1341 2895 1447 2956 wahr-

275 3002 429 3081 nehmen,
465 3001 524 3065 wie
559 3003 643 3065 deun
678 3002 863 3083 uberhaupt
896 3002 991 3066 hcine
1030 3001 1249 3066 ausfdhrliche
1284 3001 1448 3083 poetische

276 3109 499 3192 Behandlung,
530 3108 668 3173 sondern
699 3132 761 3173 nur
785 3109 856 3172 eine
879 3131 962 3194 ganz
986 3109 1184 3194 allgemeine,
1215 3109 1367 3194 lediglich
1392 3130 1449 3171 aus

163 3259 166 3264 -
277 3215 559 3300 mythologischan
583 3213 824 3279 Handbiichern
849 3215 1028 3298 geflossene
1044 3216 1258 3300 Vorstellung
1281 3217 1341 3280 den
1359 3215 1448 3279 Bild-

278 3323 406 3386 werhen
430 3322 594 3406 zugrunde
618 3345 656 3384 zu
680 3321 787 3406 liegen
811 3322 954 3387 scheint“
970 3323 1006 3405 ⁸),
1030 3345 1223 3407 quamquam
1247 3321 1359 3406 negari
1382 3343 1447 3384 non

353 3585 370 3658 ἶ)
389 3590 423 3643 cf.
442 3607 506 3657 pag.
526 3588 568 3652 36,
588 3589 631 3642 45,

353 3673 371 3740 ⁹)
391 3678 557 3741 cf.Robe1·t,
577 3678 622 3744 fig.
643 3677 676 3730 23
685 3695 710 3740 a,
730 3678 764 3730 25
773 3679 799 3740 b,
819 3678 887 3741 261),
907 3679 941 3731 23
951 3697 973 3741 o,
992 3679 1061 3741 aed,
1070 3696 1094 3741 e,
1114 3677 1148 3731 25
1157 3695 1179 3741 c,
1199 3678 1234 3731 26
1243 3696 1265 3743 c,
1285 3678 1318 3732 27
1327 3679 1387 3731 ab.
1502 3711 1505 3718 -

354 3763 372 3829 ⁸)
391 3768 424 3820 cf.
444 3767 489 3833 fig.
509 3767 553 3830 20,
572 3765 616 3828 21,
636 3766 678 3831 24,
699 3766 741 3828 27,
761 3766 804 3830 28,
826 3767 868 3821 30.
888 3767 931 3819 33.

353 3852 372 3918 ⁴)
390 3857 436 3922 ag.
456 3855 499 3918 ao,
518 3855 563 3908 aa

355 3939 372 4007 ⁶)
391 3945 437 4010 fig.
457 3944 500 4008 23,
518 3944 563 4009 ns,
583 3944 625 3998 ac.

354 4028 373 4096 ⁶)
394 4033 427 4086 cf.
447 4033 552 4087 Robert
570 4051 633 4102 pag.
654 4033 699 4086 21:
730 4033 791 4099 ,die
816 4035 867 4086 auf
884 4035 948 4087 dem
967 4034 1062 4088 Boden
1085 4034 1298 4100 hingestreuten
1317 4034 1451 4102 Spindeln

282 4121 349 4176 oder
362 4121 524 4176 Wolllrdrbe
544 4121 642 4176 dienen
663 4121 797 4188 lediglich
817 4140 865 4174 zur
884 4122 1108 4176 Charakteristik
1121 4123 1168 4176 des
1182 4119 1448 4189 Frauengemachs¹¹

357 4205 374 4273 τ1
396 4211 405 4262 1
426 4209 486 4263 842.

356 4294 374 4363 ⁸)
393 4299 410 4351 1.
430 4299 449 4350 1.
468 4316 533 4367 pag.
552 4298 594 4354 21.
