3292 5034
674 475 887 546 ..47-

261 673 349 740 11666
374 677 412 740 de
429 675 565 741 Achillis
589 681 621 740 et
641 677 825 742 Deidamiae
850 700 958 742 amore
981 678 1111 742 furtivo
1150 678 1367 763 Relinquitur,

194 788 230 847 ut
254 784 395 848 fabulam
429 782 576 848 aStatio
609 783 734 848 ratione
764 807 861 865 supra
891 786 1052 866 descripta
1084 786 1255 850 formatam
1280 808 1366 850 com·

194 913 344 972 paremus
376 913 448 956 cum
480 891 533 971 iis,
566 914 646 976 quae
681 893 718 956 de
752 893 812 956 hac
843 915 877 957 re
908 894 1041 957 tradunt
1065 893 1366 975 ApollodoruS‚

197 998 401 1082 Hyginus,
425 998 658 1063 scholiasta
682 1001 721 1063 ad
747 998 777 1059 Τ
796 1003 870 1064 326.

263 1106 370 1191 Atque
402 1105 685 1187 Apollodorus
720 1107 849 1191 quidem
885 1112 917 1172 et
946 1108 1139 1192 Hyginus
1171 1109 1368 1174 lineamenta

196 1215 303 1278 eadem
328 1214 395 1277 fere
419 1215 551 1277 tradunt
574 1214 704 1278 fabulae
728 1237 809 1298 quae
833 1214 965 1294 Statius
989 1215 1051 1278 nisi
1076 1219 1160 1300 quod
1185 1217 1267 1281 alter
1291 1217 1369 1280 dicit

197 1321 357 1386 Achillem
386 1345 612 1386 novennem
644 1346 662 1385 a
686 1327 788 1386 matre
815 1323 959 1408 virginea
984 1328 1070 1387 veste
1094 1324 1241 1389 indutum
1266 1325 1369 1408 Lyco·

200 1430 280 1501 medi
315 1431 501 1493 mandatum
538 1452 622 1509 esse,
658 1432 742 1512 quod
778 1453 882 1513 neque
914 1452 1021 1495 rerum
1054 1454 1157 1514 neque
1187 1435 1368 1512 temporum

198 1537 378 1603 rationibus
402 1537 480 1601 66116
504 1538 670 1615 convenit,
706 1560 803 1622 quare
828 1537 951 1602 Statius
975 1561 1040 1602 rem
1066 1538 1113 1602 ita
1136 1539 1303 1618 formavit,
1335 1543 1370 1602 ut

198 1646 364 1710 Thetidem
394 1644 503 1708 statim
534 1649 608 1726 post
642 1643 796 1709 Helenam
828 1649 956 1725 raptam
992 1645 1100 1710 Protei
1132 1646 1283 1709 vaticinio
1315 1647 1371 1710 ad-

199 1756 326 1818 ductam
358 1774 492 1834 puerum
517 1751 647 1816 minime
680 1752 847 1816 duodecim
881 1775 983 1816 annos
1007 1753 1156 1832 1161111111)
1190 1753 1370 1816 aChiroue

199 1861 232 1924 iu
257 1859 391 1944 Scyrum
422 1860 558 1924 insulam
591 1865 812 1941 transportare
843 1860 952 1943 ibique
976 1861 1051 1924 dum
1081 1859 1136 1924 ille
1160 1866 1305 1925 moratur
1340 1865 1371 1924 et

200 1967 385 2032 Deidamiae
416 1967 535 2031 fruitur
566 1989 673 2030 amore
702 1967 841 2031 Graecos
874 1966 991 2031 bellum
1021 1989 1134 2048 parare
1160 1967 1371 2051 Aulidemque

201 2074 371 2139 convenire
401 2075 553 2159 fingeret,
584 2096 648 2157 qua
672 2073 797 2138 ratione
821 2073 966 2138 adhibita
990 2074 1055 2137 veri
1079 2075 1215 2155 speciem
1240 2074 1373 2156 propius

201 2182 323 2248 accedit
355 2187 387 2246 et
411 2181 548 2246 Achillis
581 2204 651 2245 cum
677 2181 845 2245 Deidamia
878 2182 1074 2246 consuetudo
1107 2187 1140 2244 et
1172 2183 1256 2265 quod
1290 2180 1373 2245 dolis

201 2290 335 2355 detectis
351 2288 461 2354 statim
478 2288 602 2352 iuvenis
619 2289 657 2352 ad
672 2289 790 2352 bellum
804 2288 1029 2368 proficiscitur.
1064 2287 1165 2368 Alter,
1183 2288 1373 2372 Hyginus,

201 2404 382 2479 temporum
414 2395 538 2460 ratione
568 2395 794 2476 praetermissa
817 2396 947 2459 fabulae
971 2400 1112 2459 ceterum
1135 2395 1284 2459 similiter
1307 2400 1373 2459 tra-

202 2506 287 2570 ditae
312 2526 427 2569 nomeu
445 2502 563 2568 Achilli
587 2502 707 2587 virgini
732 2502 928 2587 Pyrrham
952 2502 1050 2566 fuisse
1074 2502 1268 2583 superaddit.
1303 2501 1374 2565 Hoc

203 2612 325 2677 Statius
360 2609 592 2693 praetermisit,
628 2633 821 2694 quamquam
858 2609 955 2673 etiam
991 2611 1029 2673 de
1064 2609 1124 2672 hac
1158 2632 1191 2673 re
1224 2630 1374 2693 magnam

203 2719 422 2804 quaestionem
435 2718 534 2781 fuisse
546 2717 631 2781 iuter
643 2717 873 2802 grammaticos
881 2716 1010 2781 Tiberio
1024 2720 1155 2781 auctore
1168 2715 1375 2781 Suetonius

204 2832 342 2892 testatur
353 2825 379 2908 2)
403 2831 436 2890 61
451 2824 610 2889 Achillem
632 2824 761 2889 nomine
779 2829 904 2889 mutato
921 2824 1005 2888 inter
1020 2824 1162 2909 virgines
1179 2823 1375 2905 appellatum

204 2957 272 3000 6666
302 2933 508 2998 manifestum
539 2937 595 2996 est.
642 2931 755 3016 Itaque
779 2931 917 2996 Statium
943 2953 1070 3016 quoque
1103 2933 1141 2995 de
1165 2930 1222 2994 tali
1246 2929 1376 2994 nomine

205 3043 365 3126 cogitasse
389 3039 533 3104 conicere
564 3039 655 3119 licet,
686 3039 761 3122 quia
786 3044 817 3102 et
841 3038 1056 3119 Neoptolemo
1081 3037 1229 3122 Pyrrhi
1260 3059 1376 3101 nomeu

205 3150 319 3214 tribuit
343 3171 413 3212 cum
439 3147 652 3232 Hygiuoss),
684 3152 715 3210 et
748 3146 946 3210 Sidonius
969 3145 1250 3226 Apollinaris,
1281 3166 1376 3229 quem

206 3257 288 3322 Stati
313 3256 450 3339 vestigia
474 3254 627 3336 pressisse
651 3254 712 3318 iam
739 3277 838 3334 supra
862 3253 998 3317 vidimus
1022 3253 1076 3334 (cf.
1092 3275 1166 3338 pag.
1186 3252 1283 3335 33³),
1307 3275 1378 3316 car·

206 3365 300 3429 minis
317 3364 359 3428 IX
386 3386 479 3428 versu
500 3365 558 3426 141
580 3362 740 3427 Achillem
757 3362 901 3445 Pyrrhae
924 3361 1042 3425 falsum
1067 3383 1183 3425 nomen
1207 3359 1378 3440 pertulisse

206 3471 314 3536 tradit.

272 3578 319 3643 Ut
343 3577 376 3640 in
400 3577 481 3641 viam
508 3579 689 3656 redeamus,
721 3576 929 3640 consentiunt
953 3574 1186 3656 ApollodoruS,
1217 3573 1378 3658 Hyginus

207 3685 330 3751 Statius
361 3707 397 3748 ea
428 3708 476 3764 re,
512 3686 597 3768 quod
628 3685 761 3749 tradunt
784 3683 972 3761 Thetidem,
1007 3687 1043 3746 ut
1066 3681 1168 3745 lilium
1193 3681 1277 3746 bello
1301 3683 1378 3746 sub-

206 3795 359 3871 traheret,
383 3815 446 3875 quo
463 3792 640 3872 periturum
662 3814 732 3855 eum
749 3813 816 3854 6666
832 3813 897 3854 666
914 3790 1096 3874 ignorabat,
1114 3778 1249 3874 virginis
1264 3789 1378 3854 habitu

208 3901 369 3965 occultum
402 3899 571 3982 Lycomedi
606 3897 671 3961 doli
704 3898 799 3979 plane
834 3898 947 3982 ignaro
984 3896 1188 3961 commisisse.
1234 3896 1286 3961 Ab
1321 3897 1380 3960 hac

285 4076 354 4141 ’161
375 4079 401 4131 II
422 4078 482 4131 110.

283 4164 301 4231 'l
321 4166 496 4222 111.Τ1116111
517 4185 577 4235 cap.
597 4168 631 4221 70
650 4168 692 4222 ed.
713 4167 794 4222 Roth.

283 4257 301 4321 ’l
322 4260 356 4314 ef.
369 4258 425 4311 fab.
439 4258 488 4311 97:
510 4259 695 4325 Neoptolemus
714 4260 758 4310 hic
775 4259 846 4309 idem
863 4258 1012 4324 Pyrrhus
1031 4262 1068 4308 est
1087 4257 1240 4322 appellatus
1259 4272 1276 4306 a
1293 4261 1382 4308 matre

211 4351 329 4418 Pyrrha,
