3292 5034
739 481 1008 543 -14-1

256 671 497 738 similitudinem
521 663 650 737 Statius*
666 674 800 754 propius
821 673 944 737 accedit
960 674 1096 757 eoquod
1112 672 1208 736 simili
1225 671 1426 737 dubitatione

256 773 398 844 fabulam
422 779 546 846 inducit
561 780 601 859 ¹):

357 887 470 951 aurai·
492 888 525 950 ia
552 887 710 964 Hectorea,
733 889 768 950 si
791 887 897 950 talia
921 888 1135 960 credimus,
1160 886 1223 949 Ida
1247 909 1273 951 e.
1289 909 1318 969 q.
1335 908 1359 950 s.

323 993 502 1058 Certamine
527 993 699 1058 diiudicata
723 993 814 1057 Paris
838 994 945 1057 statim
972 993 1107 1057 navibus
1131 993 1253 1074 paratis
1275 992 1427 1077 Amyclas

255 1105 365 1165 vectus
389 1124 407 1164 a
431 1099 576 1164 Menelao
601 1099 728 1180 hospite
752 1099 956 1183 excipitur-²),
984 1099 1173 1182 praesertim
1198 1123 1268 1164 cum
1294 1097 1425 1164 Troiani

255 1212 288 1271 et
311 1207 423 1272 Graeci
455 1208 582 1270 foedere
616 1211 649 1270 et
681 1207 871 1271 commercio
903 1208 1070 1292 fingantur
1104 1205 1307 1288 coniuncti.⁸)
1354 1205 1424 1282 Quo

255 1313 395 1394 hospitio
419 1313 502 1378 male
526 1315 644 1377 abusus
666 1313 756 1378 Paris
781 1313 901 1395 hospiti
926 1314 972 1377 nil
996 1314 1061 1378 tale
1085 1313 1231 1396 opinanti
1255 1313 1423 1398 coniugem

255 1420 384 1484 abducit
408 1441 578 1503 secumque
602 1425 693 1484 trans
717 1443 802 1484 mare
827 1420 922 1484 Ilium
947 1421 1089 1502 defert.⁴)
1137 1421 1189 1485 Sic
1212 1419 1279 1485 fere
1303 1419 1426 1484 Statius

254 1549 322 1590 rem
346 1526 492 1611 depingit
523 1526 600 1590 satis
629 1526 822 1591 celebratam
853 1527 926 1591 inde
951 1529 991 1590 ab
1016 1527 1230 1607 Honrero⁵)
1261 1549 1361 1610 usque
1386 1528 1425 1590 ad

245 1633 490 1698 ‘Colluthum
516 1633 661 1719 (ἁρπαγὴ
686 1631 843 1720 Ἑλένης).
891 1634 982 1710 Quod
1010 1633 1126 1716 dieitl)
1152 1633 1334 1717 Amyclis
1357 1634 1425 1698 He-

255 1741 359 1804 lenam
384 1762 452 1805 esse
476 1742 655 1820 abductam,
679 1741 739 1804 hoc
764 1764 828 1804 non
853 1741 900 1805 ita
923 1746 971 1805 est
995 1741 1248 1825 intellegendum
1274 1745 1309 1805 ut
1330 1745 1425 1822 putes

254 1847 393 1912 Statium
427 1871 494 1910 earn
530 1871 568 1912 ex
601 1849 674 1911 sede
709 1847 814 1929 patria
849 1847 1006 1912 dioscuris
1041 1847 1264 1912 coniventibus
1298 1856 1423 1928 raptam

254 1957 376 2039 fingere
389 1954 423 2035 ⁷),
455 1955 503 2018 cui
529 1955 573 2019 rei
599 1956 715 2034 obstat,
746 1957 830 2039 quod
854 1955 981 2019 Helena
1005 1955 1123 2038 ubique
1146 1978 1226 2018 uxor
1250 1955 1425 2039 fingiturss),

254 2063 308 2125 sed
333 2062 379 2124 ita
402 2067 438 2125 ut
461 2066 589 2142 poetam
614 2065 670 2126 aut
693 2061 823 2126 nourina
849 2062 1066 2146 Amyclaeum,
1099 2061 1242 2143 Spartae,
1267 2063 1425 2126 Lacedae-

254 2168 358 2254 monis
391 2169 571 2249 promiscue
602 2191 771 2249 usurpasse
804 2175 899 2249 putes
932 2173 988 2233 aut
1021 2170 1091 2233 loca
1115 2169 1160 2232 ita
1185 2173 1424 2246 transmutasse,

257 2279 291 2339 ut
314 2275 472 2338 Helenam
503 2274 637 2355 Spartae
667 2271 804 2360 fingeret
835 2277 998 2356 nasama,
1028 2277 1210 2340 Menelaum
1234 2281 1423 2360 regnantem

254 2381 406 2465 Amyclis.
453 2381 514 2446 Sed
545 2381 675 2446 nomina
706 2387 832 2446 tantum
865 2383 1055 2464 oppidorum
1082 2406 1153 2447 eum
1178 2389 1317 2476 mutasse
1341 2382 1424 2446 veri-

254 2489 395 2552 similius·
415 2489 510 2570 est¹⁰)
538 2489 684 2569 exempla
708 2495 852 2552 secutum
877 2489 1049 2569 (asisin)
1081 2495 1113 2553 et
1144 2489 1338 2569 Senecae,
1369 2489 1422 2572 qui

330 2719 345 2781 1)
367 2720 434 2774 Aah.
455 2721 481 2772 ΙΙ
502 2721 545 2774 50.

329 2805 346 2870 ⁹)
367 2809 432 2862 Aah.
455 2809 478 2861 ll
499 2809 533 2862 60
553 2827 628 2878 seqq.

329 2895 345 2961 ³)
365 2899 631 2962 Ach.1361.404;
652 2900 686 2952 cf.
707 2900 789 2966 Verg.
809 2900 878 2953 Aen.
899 2901 924 2952 X
943 2901 977 2954 90
997 2917 1088 2969 seqq:

573 3005 640 3055 quae
658 3005 742 3041 causa
758 2990 814 3053 fuit
833 3007 994 3056 caasserqere
1012 2993 1043 3042 in
1062 3008 1143 3042 arma

413 3079 605 3144 Europamque
625 3081 771 3144 Asiamque
789 3085 813 3129 et
837 3079 988 3141 foedera
1007 3081 1150 3131 saluere
1166 3080 1266 3142 farm?

327 3163 345 3228 4)
364 3165 431 3218 Aah.
451 3166 477 3216 ll
498 3165 611 3219 63-65.

328 3250 346 3317 ὅ)
366 3255 400 3308 cf.
421 3253 446 3304 Γ
462 3254 514 3308 386
533 3272 599 3322 seq,
619 3255 672 3308 443
692 3272 777 3323 seqq,
797 3253 827 3304 Ε
843 3256 877 3308 59
896 3273 973 3323 seqq.
993 3256 1029 3309 al.

327 3339 526 3408 ascham,
547 3343 634 3396 1159.
859 3379 860 3383 =

328 3428 345 3495 ἵ)
366 3432 400 3487 cf.
421 3431 578 3500 G1·uppe,l.
598 3433 616 3485 l.
636 3451 699 3502 pag.
720 3434 770 3486 667
791 3433 886 3487 adnot.
907 3437 931 3487 7.

326 3517 345 3582 ⁸)
367 3521 402 3576 cf.
422 3521 489 3574 Ach.
509 3522 536 3574 ΙΙ
555 3522 597 3588 64,
618 3522 651 3575 68
671 3538 746 3590 seqq.

328 3607 346 3672 ⁹)
366 3611 400 3664 cf.
420 3609 487 3664 Aah.
509 3611 520 3662 Ι
539 3611 592 3664 400
612 3613 779 3678 Spartaeque
792 3614 912 3679 pateatis
930 3615 1079 3678 alumnam,
1108 3611 1249 3680 Euripidis
1269 3613 1367 3667 Helen.
1390 3613 1422 3665 16

252 3699 318 3766 ἡμῖν
337 3695 371 3748 δὲ
390 3705 427 3765 γῆ
443 3697 501 3763 μὲν
519 3699 625 3765 πατρὶς
642 3700 695 3751 oda
714 3699 871 3765 ἀνώνυμος
888 3699 1013 3767 Σπάρτη.

317 3784 348 3851 10)
368 3789 501 3854 Amyclae
531 3809 562 3830 =
585 3789 608 3850 1)
627 3790 727 3854 Ledae,
756 3778 887 3853 Castoris,
914 3789 1035 3844 Pollucis
1060 3790 1168 3858 patria:
1197 3791 1421 3855 silv.12‚142;

626 3881 652 3931 ΙΙ
674 3880 696 3944 l,
713 3881 776 3943 111;
798 3881 837 3934 lV
850 3881 875 3945 8,
889 3881 931 3934 29.
969 3878 1055 3934 Theb.
1074 3881 1202 3944 V1‚307;
1223 3881 1276 3934 Vll
1291 3882 1350 3942 163,
1359 3882 1421 3934 413.

581 3967 606 4029 2)
625 3968 760 4036 Sparta:
781 3969 848 4024 Silv.
862 3971 873 4022 Ι
888 3970 913 4034 2,
926 3970 987 4024 213.
1015 3970 1102 4024 Theb.
1121 3970 1215 4025 X505.
1236 3971 1301 4024 Silv.
1314 3971 1338 4022 ΙΙ
1352 3971 1376 4034 2,
1387 3970 1422 4026 90

254 4058 392 4123 Aerrpalaea'
411 4059 539 4124 Lycurqa'.
578 4057 602 4110 V
622 4057 646 4122 3,
668 4057 719 4111 153
739 4061 854 4112 Alcaran
873 4067 998 4112 cantatus
1018 4062 1146 4126 Asnyclis.
1167 4081 1171 4087 ·

316 4141 346 4209 11)
368 4145 426 4198 Art.
446 4150 532 4200 amat.
552 4147 578 4199 ll
598 4147 614 4198 5
634 4164 706 4214 seq:

466 4237 531 4286 ralis
549 4237 582 4286 ab
601 4237 744 4302 armiferis
763 4238 918 4290 Priameius
937 4239 1031 4304 hospes
1052 4240 1208 4304 Areopolis

436 4314 439 4320 ’
466 4326 585 4377 carrdlda
604 4342 663 4378 cum
683 4323 769 4393 rapla'
785 4328 895 4394 aaariaqe.
912 4328 970 4379 uela
989 4329 1069 4382 eleari.
