3292 5034
692 474 911 540 *33*

216 665 270 756 qui
288 664 448 735 Achillem
472 687 535 734 non
562 694 580 734 a
597 671 735 735 Chirone
760 672 837 750 sole,
862 673 916 734 sed
941 674 980 735 ab
1000 671 1068 735 eius
1084 677 1186 736 matre
1203 677 1236 735 et
1252 669 1388 757 coniuge

217 779 375 842 nutritum
407 800 476 842 esse
508 777 608 841 tradit
622 778 661 860 ¹),
695 778 852 863 originem
879 778 1004 843 ridetur
1028 779 1154 843 duxisse
1187 802 1224 844 ex
1248 780 1389 844 ¹nominis

217 885 355 949 Achillis
388 884 583 969 etymologia
617 907 668 961 ea,
702 908 797 968 quam
831 885 928 948 adicit
962 886 1246 966 Apollodorus
1279 887 1313 969 (Ι.
1336 886 1387 968 l.):

216 993 270 1052 rat
287 991 467 1070 ὠνόμασεν
484 989 635 1078 Ἀχιλλέα
660 991 843 1073 (πρότερον
852 992 917 1070 μέν
932 989 974 1078 ἦν
990 991 1097 1071 ὄνομα
1114 993 1204 1072 αὐτῷ
1217 992 1389 1075 Λιγύρων)

217 1099 267 1160 ὅτι
292 1099 332 1160 τά
350 1099 449 1187 χείλη
470 1112 613 1179 μαστοῖς
637 1100 676 1161 ού
700 1101 912 1185 προσήνεγκε
923 1099 966 1180 2);
998 1099 1120 1163 νίσσετο
1148 1122 1222 1163 vero
1250 1101 1389 1179 leonum,

151 1251 153 1256 -
217 1207 374 1272 medullae
404 1208 553 1289 luporum
586 1211 617 1271 et
649 1228 815 1271 cervorum
847 1207 917 1270 ideo
951 1207 1052 1270 electa
1083 1211 1159 1270 sunt
1189 1207 1388 1271 nutrimenta

216 1313 359 1394 infantis
383 1320 420 1378 ut
443 1314 608 1392 virtutum,
633 1313 749 1397 quibus
774 1313 916 1377 Achilles
940 1313 1077 1376 maxime
1098 1314 1297 1394 praestitisse
1322 1319 1388 1378 tra·

217 1421 312 1501 ditur,
343 1421 435 1504 quasi
465 1421 572 1486 fontes
605 1426 637 1484 et
661 1421 801 1505 origines
826 1421 1098 1499 demonstrarent,
1130 1421 1200 1485 dico
1232 1444 1387 1486 summam

218 1527 449 1607 fortitudinem,
474 1527 685 1606 ferocitatem,
709 1527 916 1591 celeritatem.

285 1633 370 1698 Huic
394 1635 494 1699 victui
518 1634 717 1699 ferocitatem
744 1634 897 1698 excitanti
922 1638 955 1698 ct
978 1633 1111 1718 augenti
1135 1635 1276 1714 accessit,
1304 1637 1389 1719 quod

217 1741 394 1806 Centaurus
424 1742 492 1824 ipse
523 1765 616 1823 asper
648 1747 680 1806 et
704 1763 834 1805 severus
859 1741 1023 1804 alumnum
1048 1742 1163 1804 durare
1187 1748 1219 1805 et
1243 1742 1388 1806 laborum

217 1848 393 1930 patientem
417 1851 546 1914 reddere
570 1849 656 1913 omni
680 1850 774 1912 modo
800 1848 958 1913 studebat.
997 1847 1109 1911 Infans
1128 1849 1311 1913 Haemoniis
1333 1850 1388 1913 sab

217 1957 350 2021 callibus
374 1959 485 2040 effossa
508 1960 577 2021 nive
600 1957 749 2038 reptabat
775 1955 917 2019 Achilles
941 1954 1035 2036 (Aah.
1060 1955 1075 2019 Ι
1099 1955 1186 2036 472),
1212 1956 1261 2019 rel
1285 1957 1389 2040 gelida

216 2063 272 2127 sab
290 2065 367 2128 Ossa
383 2065 576 2148 Peliacisque
591 2066 672 2147 iupis
689 2063 717 2144 (Ι
730 2063 818 2144 320),
836 2046 986 2125 νοΙέιλυιέ
1002 2062 1184 2146 uiribusque
1203 2063 1390 2127 Thessalicis

218 2171 247 2250 (Ι
272 2171 391 2252 651).⁸)
438 2170 502 2234 Vix
526 2169 660 2251 pedibus
685 2192 763 2251 puer
787 2169 916 2232 valebat
939 2168 996 2247 uti,
1021 2191 1092 2232 cum
1116 2176 1221 2233 tortas
1243 2172 1390 2254 κιαρὶολιν

217 2277 245 2358 (Ι
270 2279 326 2359 40)
361 2299 432 2341 eum
465 2299 569 2342 secum
605 2277 754 2341 trahebat
786 2298 845 2358 per
876 2278 979 2358 incia,
1012 2275 1124 2339 bestiis
1147 2276 1224 2340 risis
1249 2277 1389 2341 arridere

218 2384 450 2449 assuefaciebat
473 2406 576 2468 neque
598 2406 807 2465 expavescere
823 2384 925 2447 undas
942 2384 980 2447 de
996 2382 1081 2446 saxis
1098 2388 1228 2447 ruentes
1244 2388 1277 2448 et
1293 2383 1390 2448 silvas

218 2497 308 2555 vasto
339 2491 467 2556 silentio
496 2491 667 2572 obrutasfl)
715 2491 838 2572 Corpus
862 2491 900 2553 ad
926 2495 1048 2554 aestum
1073 2494 1106 2554 et
1128 2489 1234 2574 frigus
1258 2491 1390 2554 ferenda

218 2599 393 2663 durabatur
417 2620 519 2682 neque
541 2598 629 2662 molli
646 2598 676 2660 in
696 2597 794 2662 cubili
811 2597 954 2661 membra
970 2597 1054 2660 fessa
1070 2598 1201 2661 tendere
1217 2597 1246 2660 ei
1262 2596 1389 2675 licebat,

217 2706 271 2769 sed
295 2707 333 2770 ad
351 2705 501 2770 Centauri
526 2705 641 2769 collum
668 2703 848 2768 adclinatus
873 2707 998 2767 noctem
1024 2702 1183 2788 agebat.⁶)
1221 2703 1289 2767 Iarn
1310 2726 1389 2785 puer

292 2899 309 2964 ¹)
330 2904 368 2956 lv
389 2903 455 2956 812:
495 2901 530 2953 άν
558 2897 593 2969 δὴ
620 2909 674 2952 νῦν
703 2899 859 2967 Χείρωνος
884 2899 919 2950 ἐν
947 2898 1030 2966 τ’μλεσι
1057 2897 1241 2967 Κενταύροιο
1272 2895 1391 2966 νηιάδες

217 2990 355 3055 κομέουσι
375 3000 442 3044 τεοῦ
461 2991 602 3042 λίπτοντα
620 2989 778 3058 γάλακτος,
797 2987 846 3042 ubi
866 2988 1019 3042 scholiasta
1040 2990 1172 3044 adnotat:
1195 2985 1315 3056 νηϊάδες
1338 2987 1390 3056 τὴν

218 3079 359 3148 Χαρικλὼ
376 3080 459 3148 λέγει
478 3080 525 3132 καὶ
544 3079 596 3147 τὴν
617 3079 753 3146 Φιλύραν,
772 3079 813 3144 ὑφ
830 3074 884 3128 ’ὠν
902 3076 1016 3144 ἐτράφη
1035 3076 1052 3129 ὁ
1067 3072 1229 3146 Ἀχιλλεύς,
1249 3074 1292 3128 ὧν
1304 3077 1321 3144 ἡ
1332 3076 1390 3142 μὲν

218 3170 359 3238 Χαρικλὼ
385 3171 459 3239 μον-η
478 3169 641 3237 Χείρωνος,
669 3169 778 3235 Φιλύρα
806 3163 841 3218 δὲ
863 3166 964 3234 μητηρ.
1003 3168 1037 3220 ci.
1057 3166 1144 3222 etiam
1163 3166 1228 3221 libri
1251 3168 1263 3219 Ι
1283 3187 1308 3220 v.
1328 3168 1389 3229 557,

217 3262 265 3314 ubi
285 3260 387 3315 Chiron
409 3261 586 3330 Argonautas
611 3259 785 3326 profecturos
813 3257 965 3311 salutatum
979 3256 1021 3320 ,dc
1041 3256 1118 3311 Pelio
1142 3259 1238 3310 monte
1257 3255 1388 3318 decurrit,

217 3352 271 3402 σὺν
290 3347 324 3403 δέ
343 3352 391 3403 καλ
409 3351 436 3403 ol
454 3349 626 3417 παράκοιτις
644 3345 811 3399 ἐπωλένιον
830 3345 984 3414 φορέουσα
1002 3341 1149 3412 Πηλείὁην
1170 3339 1292 3412 Ἀχιλῆα
1310 3345 1388 3412 φύλῳ

218 3437 377 3493 δειδίσκετο
396 3440 492 3507 πάτρι’.

293 3525 310 3591 ⁹]
330 3531 363 3584 cf.
384 3527 576 3583 sonoriter:
603 3522 668 3578 ὁὸέ
688 3525 733 3587 (sc.
748 3524 876 3592 Χείρων)
902 3523 1035 3576 λεόντων
1063 3523 1111 3574 καὶ
1136 3523 1252 3590 άρκτων
1268 3522 1391 3587 μυελοῖς

218 3618 337 3686 τρέφων
355 3617 499 3670 ἐκάλεσεν
514 3611 661 3685 Ἀχιλλέα,
682 3619 711 3669 et
723 3616 807 3670 schol.
821 3615 851 3668 in
864 3615 986 3682 Aphth
996 3631 1011 3668 ο
1021 3613 1056 3667 ni
1066 3632 1083 3666 u
1092 3632 1118 3666 m
1133 3613 1277 3673 (Rhetores
1289 3611 1389 3666 Graeci

218 3709 259 3763 ed.
273 3708 359 3771 Walz,
379 3710 522 3774 Stuttgart
533 3707 681 3768 1832-36,
701 3706 726 3758 ΙΙ
746 3705 820 3766 621);
841 3703 946 3768 ὥσπερ
964 3697 1011 3753 ἐπ’
1027 3698 1191 3770 Ἀχιλλέως
1209 3699 1251 3751 ὅτι
1268 3700 1391 3766 μυελοῖς

217 3797 376 3864 ἐλάφων
394 3795 515 3863 ἐτράφη.

292 3882 310 3949 ⁸)
324 3887 384 3940 Hoc
395 3885 524 3939 imitatus
534 3887 577 3938 cst
590 3881 806 3950 Apollinaris
821 3881 985 3937 Sidonius
995 3882 1048 3935 Vll
1061 3900 1086 3934 v.
1099 3880 1252 3934 171-173:
1267 3879 1389 3943 (Chiron)

218 3979 344 4029 lactentia
371 3978 493 4042 primam
521 3975 639 4026 membra
667 3975 740 4025 dedit
770 3964 879 4025 nivibus
905 3975 1070 4039 glaciemque
1099 3973 1256 4036 irrumpere
1280 3972 1390 4036 plantis

217 4069 299 4118 tussit
327 4073 350 4117 et
377 4067 489 4116 attritas
511 4080 630 4130 parrum
655 4065 746 4114 cidere
766 4065 898 4128 pruinae.
936 4061 972 4115 cf.
992 4059 1179 4126 Bitschofsky,
1199 4057 1240 4111 Dc
1260 4055 1288 4110 O.
1308 4057 1389 4111 Sollii

219 4153 388 4222 Apollinaris
408 4152 515 4206 Sidonii
534 4151 634 4205 studiis
654 4151 800 4213 Statianis,
820 4151 905 4205 Wien
926 4149 1003 4212 1881,
1022 4166 1086 4217 pag.
1107 4148 1150 4202 39.

292 4238 311 4306 ‘l
330 4242 364 4296 cf.
385 4243 410 4294 ΙΙ
432 4241 482 4294 102
502 4258 578 4308 seqq.

293 4327 310 4392 Ι)
331 4331 356 4383 ΙΙ
379 4330 427 4383 105
447 4347 537 4397 seqq.;
558 4329 593 4382 cf.
612 4330 623 4381 Ι
645 4329 695 4382 195
715 4345 792 4396 seqq.
