<?xml version="1.0" encoding="UTF-8"?>
<!DOCTYPE html PUBLIC "-//W3C//DTD XHTML 1.0 Transitional//EN"
    "http://www.w3.org/TR/xhtml1/DTD/xhtml1-transitional.dtd">
<html xmlns="http://www.w3.org/1999/xhtml" xml:lang="en" lang="en">
 <head>
  <title>
</title>
<meta http-equiv="Content-Type" content="text/html;charset=utf-8" />
  <meta name='ocr-system' content='tesseract 3.04.00' />
  <meta name='ocr-capabilities' content='ocr_page ocr_carea ocr_par ocr_line ocrx_word'/>
</head>
<body>
  <div class='ocr_page' id='page_1' title='image "./ppapiniusstatiu00kuergoog_0031.png"; bbox 0 0 3292 5034; ppageno 0'>
   <div class='ocr_carea' id='block_1_1' title="bbox 686 509 902 570">
    <p class='ocr_par' dir='ltr' id='par_1_1' title="bbox 686 509 902 570">
     <span class='ocr_line' id='line_1_1' title="bbox 686 509 902 570; baseline -0.005 -18"><span class='ocrx_word' id='word_1_1' title='bbox 686 509 902 570; x_wconf 68' lang='lat'>..25-.</span> 
     </span>
    </p>
   </div>
   <div class='ocr_carea' id='block_1_2' title="bbox 123 701 1449 3351">
    <p class='ocr_par' dir='ltr' id='par_1_2' title="bbox 123 701 1449 1940">
     <span class='ocr_line' id='line_1_2' title="bbox 211 701 1380 784; baseline -0.002 -18"><span class='ocrx_word' id='word_1_2' title='bbox 211 702 345 766; x_wconf 85' lang='lat' dir='ltr'>similem</span> <span class='ocrx_word' id='word_1_3' title='bbox 372 701 512 765; x_wconf 77' lang='lat' dir='ltr'><strong>tabulam</strong></span> <span class='ocrx_word' id='word_1_4' title='bbox 530 701 654 764; x_wconf 86' lang='lat' dir='ltr'><strong>videtur</strong></span> <span class='ocrx_word' id='word_1_5' title='bbox 678 705 840 782; x_wconf 78' lang='lat' dir='ltr'>spectasse</span> <span class='ocrx_word' id='word_1_6' title='bbox 863 701 1105 782; x_wconf 83' lang='lat' dir='ltr'><strong>Sophocles,</strong></span> <span class='ocrx_word' id='word_1_7' title='bbox 1130 701 1183 784; x_wconf 88' lang='lat' dir='ltr'><strong>qui</strong></span> <span class='ocrx_word' id='word_1_8' title='bbox 1208 702 1380 765; x_wconf 76' lang='lat' dir='ltr'><strong>scholiasta</strong></span> 
     </span>
     <span class='ocr_line' id='line_1_3' title="bbox 211 805 1381 896; baseline -0.005 -23"><span class='ocrx_word' id='word_1_9' title='bbox 211 811 250 873; x_wconf 86' lang='lat' dir='ltr'><strong>ad</strong></span> <span class='ocrx_word' id='word_1_10' title='bbox 274 808 425 890; x_wconf 86' lang='lat' dir='ltr'><strong>Apollon.</strong></span> <span class='ocrx_word' id='word_1_11' title='bbox 442 807 544 872; x_wconf 82' lang='lat' dir='ltr'><strong>Rhod.</strong></span> <span class='ocrx_word' id='word_1_12' title='bbox 568 807 613 872; x_wconf 87' lang='lat' dir='ltr'><strong>IV</strong></span> <span class='ocrx_word' id='word_1_13' title='bbox 640 810 703 872; x_wconf 81' lang='lat'><strong>816</strong></span> <span class='ocrx_word' id='word_1_14' title='bbox 728 813 811 872; x_wconf 88' lang='lat' dir='ltr'><strong>teste</strong></span> <span class='ocrx_word' id='word_1_15' title='bbox 835 808 874 896; x_wconf 83' lang='grc' dir='ltr'><strong>ἐν</strong></span> <span class='ocrx_word' id='word_1_16' title='bbox 897 805 1076 892; x_wconf 59' lang='grc' dir='ltr'><strong>Ἀχιλλέως</strong></span> <span class='ocrx_word' id='word_1_17' title='bbox 1098 808 1257 889; x_wconf 48' lang='grc' dir='ltr'><strong>ἐρασταϊδἹ</strong></span> <span class='ocrx_word' id='word_1_18' title='bbox 1279 823 1381 894; x_wconf 75' lang='grc' dir='ltr'><em>φησιν</em></span> 
     </span>
     <span class='ocr_line' id='line_1_4' title="bbox 210 911 1379 1000; baseline -0.003 -23"><span class='ocrx_word' id='word_1_19' title='bbox 210 915 273 977; x_wconf 83' lang='grc' dir='ltr'><strong>ὑπὸ</strong></span> <span class='ocrx_word' id='word_1_20' title='bbox 312 912 457 1000; x_wconf 73' lang='grc' dir='ltr'><em>Πηλέως</em></span> <span class='ocrx_word' id='word_1_21' title='bbox 495 911 754 1000; x_wconf 75' lang='grc' dir='ltr'><em>λαιὸσρηθεϊσαν</em></span> <span class='ocrx_word' id='word_1_22' title='bbox 792 916 854 1000; x_wconf 83' lang='grc' dir='ltr'><strong>τὴν</strong></span> <span class='ocrx_word' id='word_1_23' title='bbox 899 913 997 976; x_wconf 86' lang='grc' dir='ltr'><em>θέτιν</em></span> <span class='ocrx_word' id='word_1_24' title='bbox 1033 913 1227 977; x_wconf 67' lang='grc' dir='ltr'><em>καταλιπεῖν</em></span> <span class='ocrx_word' id='word_1_25' title='bbox 1265 914 1379 976; x_wconf 81' lang='grc' dir='ltr'><em>αὐτόν.</em></span> 
     </span>
     <span class='ocr_line' id='line_1_5' title="bbox 210 1020 1380 1105; baseline -0.001 -20"><span class='ocrx_word' id='word_1_26' title='bbox 210 1021 520 1102; x_wconf 78' lang='lat' dir='ltr'><strong>Aristophanes</strong></span> <span class='ocrx_word' id='word_1_27' title='bbox 552 1044 678 1085; x_wconf 86' lang='lat' dir='ltr'><strong>causam</strong></span> <span class='ocrx_word' id='word_1_28' title='bbox 703 1026 736 1086; x_wconf 89' lang='lat' dir='ltr'><strong>et</strong></span> <span class='ocrx_word' id='word_1_29' title='bbox 759 1022 941 1086; x_wconf 83' lang='lat' dir='ltr'><strong>comoediae</strong></span> <span class='ocrx_word' id='word_1_30' title='bbox 966 1027 998 1085; x_wconf 90' lang='lat' dir='ltr'><strong>et</strong></span> <span class='ocrx_word' id='word_1_31' title='bbox 1027 1020 1120 1105; x_wconf 81' lang='grc' dir='ltr'><strong>λόγῳ</strong></span> <span class='ocrx_word' id='word_1_32' title='bbox 1144 1021 1249 1102; x_wconf 70' lang='lat' dir='ltr'><strong>occup</strong></span> <span class='ocrx_word' id='word_1_33' title='bbox 1280 1021 1380 1102; x_wconf 87' lang='lat' dir='ltr'><strong>aptis·</strong></span> 
     </span>
     <span class='ocr_line' id='line_1_6' title="bbox 153 1122 1449 1215; baseline -0.005 -23"><span class='ocrx_word' id='word_1_34' title='bbox 153 1209 156 1215; x_wconf 23' lang='grc' dir='ltr'>Ι</span> <span class='ocrx_word' id='word_1_35' title='bbox 210 1130 321 1192; x_wconf 88' lang='lat' dir='ltr'><strong>simam</strong></span> <span class='ocrx_word' id='word_1_36' title='bbox 346 1129 470 1209; x_wconf 80' lang='lat' dir='ltr'><strong>profert</strong></span> <span class='ocrx_word' id='word_1_37' title='bbox 494 1129 624 1209; x_wconf 88' lang='lat' dir='ltr'><strong>hanc¹):</strong></span> <span class='ocrx_word' id='word_1_38' title='bbox 661 1130 721 1214; x_wconf 75' lang='grc' dir='ltr'><strong>τὴν</strong></span> <span class='ocrx_word' id='word_1_39' title='bbox 749 1126 849 1190; x_wconf 79' lang='grc' dir='ltr'><em>Θέτιν</em></span> <span class='ocrx_word' id='word_1_40' title='bbox 873 1128 978 1214; x_wconf 78' lang='grc' dir='ltr'><em>ε’χημε</em></span> <span class='ocrx_word' id='word_1_41' title='bbox 1079 1128 1098 1189; x_wconf 84' lang='grc' dir='ltr'><em>ὁ</em></span> <span class='ocrx_word' id='word_1_42' title='bbox 1124 1126 1284 1214; x_wconf 74' lang='grc' dir='ltr'><em>Πηλεύς.</em></span> <span class='ocrx_word' id='word_1_43' title='bbox 1308 1122 1379 1206; x_wconf 75' lang='grc' dir='ltr'><strong>κᾷτ’</strong></span> <span class='ocrx_word' id='word_1_44' title='bbox 1444 1143 1449 1150; x_wconf 90' lang='grc'><strong><em>·</em></strong></span> 
     </span>
     <span class='ocr_line' id='line_1_7' title="bbox 123 1218 1381 1321; baseline -0.002 -25"><span class='ocrx_word' id='word_1_45' title='bbox 123 1218 129 1228; x_wconf 53' lang='grc'><em>“</em></span> <span class='ocrx_word' id='word_1_46' title='bbox 211 1233 419 1296; x_wconf 77' lang='grc' dir='ltr'><em>ἀπολιποῦσα</em></span> <span class='ocrx_word' id='word_1_47' title='bbox 439 1234 579 1318; x_wconf 82' lang='grc' dir='ltr'><em>χάὐτὸν</em></span> <span class='ocrx_word' id='word_1_48' title='bbox 603 1233 710 1321; x_wconf 80' lang='grc' dir='ltr'><em>ᾤχετ’,</em></span> <span class='ocrx_word' id='word_1_49' title='bbox 742 1237 781 1298; x_wconf 86' lang='grc' dir='ltr'><strong>οὐ</strong></span> <span class='ocrx_word' id='word_1_50' title='bbox 801 1235 870 1319; x_wconf 79' lang='grc' dir='ltr'><strong>γὰρ</strong></span> <span class='ocrx_word' id='word_1_51' title='bbox 893 1232 935 1321; x_wconf 74' lang='grc' dir='ltr'><strong>ἦν</strong></span> <span class='ocrx_word' id='word_1_52' title='bbox 958 1233 1117 1321; x_wconf 74' lang='grc' dir='ltr'><em>ὑβριστὴς</em></span> <span class='ocrx_word' id='word_1_53' title='bbox 1141 1234 1211 1296; x_wconf 81' lang='grc' dir='ltr'><strong>σύὁ’</strong></span> <span class='ocrx_word' id='word_1_54' title='bbox 1236 1230 1319 1320; x_wconf 74' lang='grc' dir='ltr'><strong>ἡδὺς</strong></span> <span class='ocrx_word' id='word_1_55' title='bbox 1341 1232 1381 1294; x_wconf 81' lang='grc' dir='ltr'><strong>ἐν</strong></span> 
     </span>
     <span class='ocr_line' id='line_1_8' title="bbox 210 1341 1380 1430; baseline 0.003 -29"><span class='ocrx_word' id='word_1_56' title='bbox 210 1353 280 1421; x_wconf 69' lang='grc' dir='ltr'><em>ταῖς</em></span> <span class='ocrx_word' id='word_1_57' title='bbox 304 1343 475 1423; x_wconf 81' lang='grc' dir='ltr'><em>στρώμασι</em></span> <span class='ocrx_word' id='word_1_58' title='bbox 499 1343 567 1430; x_wconf 31' lang='grc' dir='ltr'><em>τὴν,</em></span> <span class='ocrx_word' id='word_1_59' title='bbox 584 1343 686 1403; x_wconf 78' lang='grc' dir='ltr'><em>νύκτα</em></span> <span class='ocrx_word' id='word_1_60' title='bbox 709 1342 930 1427; x_wconf 71' lang='grc' dir='ltr'><em>παννυχίζειν.</em></span> <span class='ocrx_word' id='word_1_61' title='bbox 967 1342 1192 1426; x_wconf 82' lang='lat' dir='ltr'><strong>Quaecumque</strong></span> <span class='ocrx_word' id='word_1_62' title='bbox 1208 1341 1270 1405; x_wconf 87' lang='lat' dir='ltr'><strong>fuit</strong></span> <span class='ocrx_word' id='word_1_63' title='bbox 1284 1363 1380 1405; x_wconf 86' lang='lat' dir='ltr'><strong>causa</strong></span> 
     </span>
     <span class='ocr_line' id='line_1_9' title="bbox 211 1447 1381 1528; baseline -0.002 -16"><span class='ocrx_word' id='word_1_64' title='bbox 211 1447 334 1512; x_wconf 81' lang='lat' dir='ltr'>discidii</span> <span class='ocrx_word' id='word_1_65' title='bbox 367 1447 450 1512; x_wconf 90' lang='lat' dir='ltr'><strong>inter</strong></span> <span class='ocrx_word' id='word_1_66' title='bbox 474 1449 605 1512; x_wconf 87' lang='lat' dir='ltr'><strong>Peleum</strong></span> <span class='ocrx_word' id='word_1_67' title='bbox 638 1453 670 1512; x_wconf 88' lang='lat' dir='ltr'><strong>et</strong></span> <span class='ocrx_word' id='word_1_68' title='bbox 694 1448 861 1513; x_wconf 86' lang='lat' dir='ltr'><strong>Thetidem</strong></span> <span class='ocrx_word' id='word_1_69' title='bbox 887 1449 966 1528; x_wconf 92' lang='lat' dir='ltr'><strong>orti,</strong></span> <span class='ocrx_word' id='word_1_70' title='bbox 997 1449 1057 1513; x_wconf 92' lang='lat' dir='ltr'><strong>hoc</strong></span> <span class='ocrx_word' id='word_1_71' title='bbox 1082 1471 1146 1513; x_wconf 89' lang='lat' dir='ltr'><strong>uno</strong></span> <span class='ocrx_word' id='word_1_72' title='bbox 1169 1471 1224 1512; x_wconf 91' lang='lat' dir='ltr'><strong>ore</strong></span> <span class='ocrx_word' id='word_1_73' title='bbox 1247 1447 1381 1512; x_wconf 80' lang='lat' dir='ltr'><strong>tradunt</strong></span> 
     </span>
     <span class='ocr_line' id='line_1_10' title="bbox 210 1554 1378 1638; baseline -0.002 -19"><span class='ocrx_word' id='word_1_74' title='bbox 210 1576 335 1636; x_wconf 91' lang='lat' dir='ltr'><strong>onmes,</strong></span> <span class='ocrx_word' id='word_1_75' title='bbox 368 1555 422 1638; x_wconf 93' lang='lat' dir='ltr'><strong>qui</strong></span> <span class='ocrx_word' id='word_1_76' title='bbox 456 1556 495 1619; x_wconf 88' lang='lat' dir='ltr'><strong>ad</strong></span> <span class='ocrx_word' id='word_1_77' title='bbox 527 1555 655 1620; x_wconf 85' lang='lat' dir='ltr'><strong>fabulae</strong></span> <span class='ocrx_word' id='word_1_78' title='bbox 686 1557 808 1620; x_wconf 91' lang='lat' dir='ltr'><strong>fontem</strong></span> <span class='ocrx_word' id='word_1_79' title='bbox 840 1555 984 1637; x_wconf 85' lang='lat' dir='ltr'><strong>proxime</strong></span> <span class='ocrx_word' id='word_1_80' title='bbox 1013 1557 1183 1634; x_wconf 83' lang='lat' dir='ltr'><strong>accedunt,</strong></span> <span class='ocrx_word' id='word_1_81' title='bbox 1216 1554 1378 1618; x_wconf 89' lang='lat' dir='ltr'><strong>Peleum</strong></span> 
     </span>
     <span class='ocr_line' id='line_1_11' title="bbox 211 1660 1380 1746; baseline 0.001 -22"><span class='ocrx_word' id='word_1_82' title='bbox 211 1660 346 1726; x_wconf 75' lang='lat' dir='ltr'><strong>Thetide</strong></span> <span class='ocrx_word' id='word_1_83' title='bbox 380 1662 523 1746; x_wconf 83' lang='lat' dir='ltr'><strong>digressa</strong></span> <span class='ocrx_word' id='word_1_84' title='bbox 553 1667 698 1726; x_wconf 85' lang='lat' dir='ltr'><strong>coactum</strong></span> <span class='ocrx_word' id='word_1_85' title='bbox 733 1685 800 1726; x_wconf 91' lang='lat' dir='ltr'><strong>esse</strong></span> <span class='ocrx_word' id='word_1_86' title='bbox 833 1662 1007 1742; x_wconf 84' lang='lat' dir='ltr'><strong>infantem,</strong></span> <span class='ocrx_word' id='word_1_87' title='bbox 1040 1686 1079 1727; x_wconf 92' lang='lat' dir='ltr'><strong>ne</strong></span> <span class='ocrx_word' id='word_1_88' title='bbox 1112 1667 1215 1727; x_wconf 88' lang='lat' dir='ltr'><strong>matre</strong></span> <span class='ocrx_word' id='word_1_89' title='bbox 1248 1662 1380 1726; x_wconf 84' lang='lat' dir='ltr'><strong>orbatus</strong></span> 
     </span>
     <span class='ocr_line' id='line_1_12' title="bbox 210 1767 1380 1849; baseline 0.002 -18"><span class='ocrx_word' id='word_1_90' title='bbox 210 1767 338 1849; x_wconf 88' lang='lat' dir='ltr'><strong>periret,</strong></span> <span class='ocrx_word' id='word_1_91' title='bbox 362 1768 492 1833; x_wconf 78' lang='lat' dir='ltr'><strong>Chironi</strong></span> <span class='ocrx_word' id='word_1_92' title='bbox 518 1769 665 1833; x_wconf 91' lang='lat' dir='ltr'><strong>alendum</strong></span> <span class='ocrx_word' id='word_1_93' title='bbox 690 1775 722 1833; x_wconf 91' lang='lat' dir='ltr'><strong>et</strong></span> <span class='ocrx_word' id='word_1_94' title='bbox 746 1771 945 1834; x_wconf 83' lang='lat' dir='ltr'><strong>educandum</strong></span> <span class='ocrx_word' id='word_1_95' title='bbox 969 1772 1095 1835; x_wconf 84' lang='lat' dir='ltr'><strong>tradere</strong></span> <span class='ocrx_word' id='word_1_96' title='bbox 1118 1770 1222 1834; x_wconf 88' lang='lat' dir='ltr'><strong>vicino</strong></span> <span class='ocrx_word' id='word_1_97' title='bbox 1247 1775 1280 1834; x_wconf 87' lang='lat' dir='ltr'><strong>et</strong></span> <span class='ocrx_word' id='word_1_98' title='bbox 1301 1769 1380 1833; x_wconf 86' lang='lat' dir='ltr'><strong>ami·</strong></span> 
     </span>
     <span class='ocr_line' id='line_1_13' title="bbox 210 1875 471 1940; baseline 0.008 -2"><span class='ocrx_word' id='word_1_99' title='bbox 210 1875 345 1940; x_wconf 89' lang='lat' dir='ltr'><strong>cissimo.</strong></span> <span class='ocrx_word' id='word_1_100' title='bbox 468 1893 471 1900; x_wconf 91' lang='grc'><strong><em>·</em></strong></span> 
     </span>
    </p>

    <p class='ocr_par' dir='ltr' id='par_1_3' title="bbox 210 1983 1382 3025">
     <span class='ocr_line' id='line_1_14' title="bbox 277 1983 1380 2069; baseline -0.001 -23"><span class='ocrx_word' id='word_1_101' title='bbox 277 1983 328 2047; x_wconf 86' lang='lat' dir='ltr'><strong>Ab</strong></span> <span class='ocrx_word' id='word_1_102' title='bbox 360 1983 419 2048; x_wconf 92' lang='lat' dir='ltr'><strong>hac</strong></span> <span class='ocrx_word' id='word_1_103' title='bbox 450 1984 591 2069; x_wconf 86' lang='lat' dir='ltr'><strong>genuina</strong></span> <span class='ocrx_word' id='word_1_104' title='bbox 628 1984 754 2049; x_wconf 82' lang='lat' dir='ltr'><strong>fabulae</strong></span> <span class='ocrx_word' id='word_1_105' title='bbox 789 1986 894 2049; x_wconf 91' lang='lat' dir='ltr'><strong>forma</strong></span> <span class='ocrx_word' id='word_1_106' title='bbox 929 1985 1024 2049; x_wconf 87' lang='lat' dir='ltr'><strong>etiam</strong></span> <span class='ocrx_word' id='word_1_107' title='bbox 1063 1984 1259 2069; x_wconf 84' lang='lat' dir='ltr'><strong>imaginibus</strong></span> <span class='ocrx_word' id='word_1_108' title='bbox 1294 1983 1380 2046; x_wconf 83' lang='lat' dir='ltr'><strong>varie</strong></span> 
     </span>
     <span class='ocr_line' id='line_1_15' title="bbox 210 2089 1380 2176; baseline -0.001 -23"><span class='ocrx_word' id='word_1_109' title='bbox 210 2111 359 2171; x_wconf 84' lang='lat' dir='ltr'><strong>expressa</strong></span> <span class='ocrx_word' id='word_1_110' title='bbox 383 2090 485 2173; x_wconf 86' lang='lat' dir='ltr'><strong>(velut</strong></span> <span class='ocrx_word' id='word_1_111' title='bbox 509 2091 542 2154; x_wconf 90' lang='lat' dir='ltr'><strong>in</strong></span> <span class='ocrx_word' id='word_1_112' title='bbox 567 2091 684 2156; x_wconf 78' lang='lat' dir='ltr'><strong>throno</strong></span> <span class='ocrx_word' id='word_1_113' title='bbox 701 2091 755 2176; x_wconf 91' lang='lat' dir='ltr'><strong>qui</strong></span> <span class='ocrx_word' id='word_1_114' title='bbox 773 2098 906 2156; x_wconf 88' lang='lat' dir='ltr'><strong>vocatur</strong></span> <span class='ocrx_word' id='word_1_115' title='bbox 924 2092 1095 2176; x_wconf 84' lang='lat' dir='ltr'><strong>Amyclaeo</strong></span> <span class='ocrx_word' id='word_1_116' title='bbox 1113 2089 1380 2171; x_wconf 75' lang='lat' dir='ltr'><strong>Pausanias2)</strong></span> 
     </span>
     <span class='ocr_line' id='line_1_16' title="bbox 211 2195 1380 2283; baseline -0.002 -24"><span class='ocrx_word' id='word_1_117' title='bbox 211 2219 281 2260; x_wconf 89' lang='lat' dir='ltr'><strong>cum</strong></span> <span class='ocrx_word' id='word_1_118' title='bbox 300 2197 400 2262; x_wconf 89' lang='lat' dir='ltr'><strong>multa</strong></span> <span class='ocrx_word' id='word_1_119' title='bbox 417 2197 480 2261; x_wconf 87' lang='lat' dir='ltr'><strong>aliu</strong></span> <span class='ocrx_word' id='word_1_120' title='bbox 497 2199 681 2283; x_wconf 83' lang='lat' dir='ltr'><strong>anaglypha</strong></span> <span class='ocrx_word' id='word_1_121' title='bbox 697 2199 797 2263; x_wconf 84' lang='lat' dir='ltr'><strong>incisa</strong></span> <span class='ocrx_word' id='word_1_122' title='bbox 813 2199 965 2263; x_wconf 83' lang='lat' dir='ltr'><strong>describit</strong></span> <span class='ocrx_word' id='word_1_123' title='bbox 983 2203 1051 2262; x_wconf 94' lang='lat' dir='ltr'><strong>tum</strong></span> <span class='ocrx_word' id='word_1_124' title='bbox 1070 2199 1146 2264; x_wconf 93' lang='lat' dir='ltr'><strong>hoc:</strong></span> <span class='ocrx_word' id='word_1_125' title='bbox 1171 2195 1380 2279; x_wconf 78' lang='grc' dir='ltr'><em>παραὸίὸωσι</em></span> 
     </span>
     <span class='ocr_line' id='line_1_17' title="bbox 210 2302 1381 2392; baseline -0.001 -27"><span class='ocrx_word' id='word_1_126' title='bbox 210 2303 249 2365; x_wconf 69' lang='lat' dir='ltr'><strong>dd</strong></span> <span class='ocrx_word' id='word_1_127' title='bbox 272 2306 326 2365; x_wconf 80' lang='grc' dir='ltr'><em>ναὶ</em></span> <span class='ocrx_word' id='word_1_128' title='bbox 350 2302 487 2390; x_wconf 73' lang='grc' dir='ltr'><em>Πηλεὺς</em></span> <span class='ocrx_word' id='word_1_129' title='bbox 510 2303 661 2390; x_wconf 73' lang='grc' dir='ltr'><em>Ἀχιλλέα</em></span> <span class='ocrx_word' id='word_1_130' title='bbox 685 2307 947 2392; x_wconf 81' lang='grc' dir='ltr'><em>τραφησόμενον</em></span> <span class='ocrx_word' id='word_1_131' title='bbox 969 2307 1060 2387; x_wconf 83' lang='grc' dir='ltr'><em>παρὰ</em></span> <span class='ocrx_word' id='word_1_132' title='bbox 1082 2303 1239 2388; x_wconf 80' lang='grc' dir='ltr'><em>Χείρωνι,</em></span> <span class='ocrx_word' id='word_1_133' title='bbox 1265 2305 1304 2383; x_wconf 77' lang='grc' dir='ltr'><strong>ὃς</strong></span> <span class='ocrx_word' id='word_1_134' title='bbox 1327 2306 1381 2365; x_wconf 82' lang='grc' dir='ltr'><em>καὶ</em></span> 
     </span>
     <span class='ocr_line' id='line_1_18' title="bbox 211 2409 1379 2497; baseline 0.004 -26"><span class='ocrx_word' id='word_1_135' title='bbox 211 2409 343 2490; x_wconf 76' lang='grc' dir='ltr'><em>ὁιὸάξαι</em></span> <span class='ocrx_word' id='word_1_136' title='bbox 359 2409 507 2495; x_wconf 75' lang='grc' dir='ltr'><em>λέγεται)</em></span> <span class='ocrx_word' id='word_1_137' title='bbox 532 2413 708 2493; x_wconf 82' lang='lat' dir='ltr'><strong>Statius,</strong></span> <span class='ocrx_word' id='word_1_138' title='bbox 731 2414 791 2478; x_wconf 89' lang='lat' dir='ltr'><strong>etsi</strong></span> <span class='ocrx_word' id='word_1_139' title='bbox 807 2414 972 2478; x_wconf 82' lang='lat' dir='ltr'><strong>discidium</strong></span> <span class='ocrx_word' id='word_1_140' title='bbox 992 2413 1075 2478; x_wconf 92' lang='lat' dir='ltr'><strong>inter</strong></span> <span class='ocrx_word' id='word_1_141' title='bbox 1090 2413 1243 2497; x_wconf 85' lang='lat' dir='ltr'><strong>coniuges</strong></span> <span class='ocrx_word' id='word_1_142' title='bbox 1259 2414 1379 2478; x_wconf 85' lang='lat' dir='ltr'><strong>factum</strong></span> 
     </span>
     <span class='ocr_line' id='line_1_19' title="bbox 211 2519 1381 2600; baseline 0.003 -19"><span class='ocrx_word' id='word_1_143' title='bbox 211 2540 278 2582; x_wconf 89' lang='lat' dir='ltr'><strong>esse</strong></span> <span class='ocrx_word' id='word_1_144' title='bbox 302 2519 399 2600; x_wconf 84' lang='lat' dir='ltr'><strong>fingit</strong></span> <span class='ocrx_word' id='word_1_145' title='bbox 434 2555 471 2566; x_wconf 88' lang='lat'>-</span> <span class='ocrx_word' id='word_1_146' title='bbox 497 2543 571 2583; x_wconf 88' lang='lat' dir='ltr'><strong>nam</strong></span> <span class='ocrx_word' id='word_1_147' title='bbox 595 2520 688 2584; x_wconf 94' lang='lat' dir='ltr'><strong>initio</strong></span> <span class='ocrx_word' id='word_1_148' title='bbox 713 2521 863 2585; x_wconf 86' lang='lat' dir='ltr'><strong>carminis</strong></span> <span class='ocrx_word' id='word_1_149' title='bbox 887 2520 1055 2585; x_wconf 84' lang='lat' dir='ltr'><strong>Thetidem</strong></span> <span class='ocrx_word' id='word_1_150' title='bbox 1080 2543 1152 2584; x_wconf 94' lang='lat' dir='ltr'><strong>cum</strong></span> <span class='ocrx_word' id='word_1_151' title='bbox 1176 2520 1339 2585; x_wconf 88' lang='lat' dir='ltr'><strong>sororibus</strong></span> <span class='ocrx_word' id='word_1_152' title='bbox 1364 2543 1381 2584; x_wconf 91' lang='lat' dir='ltr'><strong>e</strong></span> 
     </span>
     <span class='ocr_line' id='line_1_20' title="bbox 212 2624 1381 2711; baseline 0.003 -24"><span class='ocrx_word' id='word_1_153' title='bbox 212 2624 293 2688; x_wconf 86' lang='lat' dir='ltr'><strong>mari</strong></span> <span class='ocrx_word' id='word_1_154' title='bbox 324 2630 539 2710; x_wconf 82' lang='lat' dir='ltr'><strong>emergentem</strong></span> <span class='ocrx_word' id='word_1_155' title='bbox 571 2627 694 2692; x_wconf 90' lang='lat' dir='ltr'><strong>inducit</strong></span> <span class='ocrx_word' id='word_1_156' title='bbox 721 2663 757 2674; x_wconf 81' lang='lat'><strong>-·</strong></span> <span class='ocrx_word' id='word_1_157' title='bbox 790 2633 899 2692; x_wconf 85' lang='lat' dir='ltr'><strong>tamen</strong></span> <span class='ocrx_word' id='word_1_158' title='bbox 923 2651 960 2693; x_wconf 91' lang='lat' dir='ltr'><strong>eo</strong></span> <span class='ocrx_word' id='word_1_159' title='bbox 985 2628 1133 2707; x_wconf 85' lang='lat' dir='ltr'><strong>discedit,</strong></span> <span class='ocrx_word' id='word_1_160' title='bbox 1164 2629 1249 2711; x_wconf 89' lang='lat' dir='ltr'><strong>quod</strong></span> <span class='ocrx_word' id='word_1_161' title='bbox 1275 2651 1381 2692; x_wconf 88' lang='lat' dir='ltr'><strong>nona</strong></span> 
     </span>
     <span class='ocr_line' id='line_1_21' title="bbox 212 2731 1382 2816; baseline 0.003 -22"><span class='ocrx_word' id='word_1_162' title='bbox 212 2731 348 2810; x_wconf 89' lang='lat' dir='ltr'><strong>Peleo,</strong></span> <span class='ocrx_word' id='word_1_163' title='bbox 379 2734 433 2797; x_wconf 91' lang='lat' dir='ltr'><strong>sed</strong></span> <span class='ocrx_word' id='word_1_164' title='bbox 464 2733 682 2799; x_wconf 84' lang='lat' dir='ltr'><strong>uThetide</strong></span> <span class='ocrx_word' id='word_1_165' title='bbox 713 2734 783 2815; x_wconf 87' lang='lat' dir='ltr'><strong>ipsa</strong></span> <span class='ocrx_word' id='word_1_166' title='bbox 814 2757 949 2816; x_wconf 91' lang='lat' dir='ltr'><strong>puerum</strong></span> <span class='ocrx_word' id='word_1_167' title='bbox 980 2737 1074 2800; x_wconf 94' lang='lat' dir='ltr'><strong>modo</strong></span> <span class='ocrx_word' id='word_1_168' title='bbox 1098 2740 1209 2799; x_wconf 89' lang='lat' dir='ltr'><strong>natum</strong></span> <span class='ocrx_word' id='word_1_169' title='bbox 1233 2735 1382 2800; x_wconf 84' lang='lat' dir='ltr'><strong>Chironis</strong></span> 
     </span>
     <span class='ocr_line' id='line_1_22' title="bbox 211 2837 1382 2926; baseline 0.003 -24"><span class='ocrx_word' id='word_1_170' title='bbox 211 2837 295 2902; x_wconf 91' lang='lat' dir='ltr'><strong>curis</strong></span> <span class='ocrx_word' id='word_1_171' title='bbox 325 2841 511 2904; x_wconf 86' lang='lat' dir='ltr'><strong>mandatum</strong></span> <span class='ocrx_word' id='word_1_172' title='bbox 541 2863 609 2904; x_wconf 91' lang='lat' dir='ltr'><strong>esse</strong></span> <span class='ocrx_word' id='word_1_173' title='bbox 633 2841 733 2905; x_wconf 87' lang='lat' dir='ltr'><strong>tradit</strong></span> <span class='ocrx_word' id='word_1_174' title='bbox 755 2842 835 2906; x_wconf 86' lang='lat' dir='ltr'><strong>locis</strong></span> <span class='ocrx_word' id='word_1_175' title='bbox 859 2841 925 2907; x_wconf 90' lang='lat' dir='ltr'><strong>his:</strong></span> <span class='ocrx_word' id='word_1_176' title='bbox 957 2841 1038 2907; x_wconf 83' lang='lat'><strong>138</strong></span> <span class='ocrx_word' id='word_1_177' title='bbox 1062 2864 1159 2926; x_wconf 87' lang='lat' dir='ltr'><strong>seqq,</strong></span> <span class='ocrx_word' id='word_1_178' title='bbox 1190 2842 1243 2906; x_wconf 91' lang='lat' dir='ltr'><strong>ubi</strong></span> <span class='ocrx_word' id='word_1_179' title='bbox 1268 2841 1382 2906; x_wconf 81' lang='lat' dir='ltr'><strong>Thetis</strong></span> 
     </span>
     <span class='ocr_line' id='line_1_23' title="bbox 211 2945 503 3025; baseline 0.014 -17"><span class='ocrx_word' id='word_1_180' title='bbox 211 2945 281 3025; x_wconf 88' lang='lat' dir='ltr'><strong>ipsa</strong></span> <span class='ocrx_word' id='word_1_181' title='bbox 304 2967 337 3010; x_wconf 91' lang='lat' dir='ltr'><strong>se</strong></span> <span class='ocrx_word' id='word_1_182' title='bbox 361 2947 503 3012; x_wconf 86' lang='lat' dir='ltr'><strong>incusat:</strong></span> 
     </span>
    </p>

    <p class='ocr_par' dir='ltr' id='par_1_4' title="bbox 211 3054 1380 3351">
     <span class='ocr_line' id='line_1_24' title="bbox 426 3054 914 3140; baseline 0.008 -24"><span class='ocrx_word' id='word_1_183' title='bbox 426 3054 509 3132; x_wconf 78' lang='lat' dir='ltr'><strong>Quid</strong></span> <span class='ocrx_word' id='word_1_184' title='bbox 533 3057 612 3118; x_wconf 78' lang='lat' dir='ltr'><strong>enim</strong></span> <span class='ocrx_word' id='word_1_185' title='bbox 637 3055 793 3120; x_wconf 79' lang='lat' dir='ltr'><strong>cunabulo</strong></span> <span class='ocrx_word' id='word_1_186' title='bbox 811 3077 914 3140; x_wconf 78' lang='lat' dir='ltr'><strong>porco</strong></span> 
     </span>
     <span class='ocr_line' id='line_1_25' title="bbox 424 3161 1218 3247; baseline 0.004 -24"><span class='ocrx_word' id='word_1_187' title='bbox 424 3161 531 3224; x_wconf 82' lang='lat' dir='ltr'><strong>Pelion</strong></span> <span class='ocrx_word' id='word_1_188' title='bbox 555 3169 582 3225; x_wconf 82' lang='lat' dir='ltr'><strong>ct</strong></span> <span class='ocrx_word' id='word_1_189' title='bbox 605 3165 684 3226; x_wconf 80' lang='lat' dir='ltr'><strong>torui</strong></span> <span class='ocrx_word' id='word_1_190' title='bbox 707 3166 911 3228; x_wconf 77' lang='lat' dir='ltr'><strong>cornmisimus</strong></span> <span class='ocrx_word' id='word_1_191' title='bbox 935 3171 1030 3227; x_wconf 81' lang='lat' dir='ltr'><strong>cntra</strong></span> <span class='ocrx_word' id='word_1_192' title='bbox 1054 3165 1218 3247; x_wconf 76' lang='lat' dir='ltr'><strong>irrupistrt?</strong></span> 
     </span>
     <span class='ocr_line' id='line_1_26' title="bbox 211 3265 1380 3351; baseline 0.003 -23"><span class='ocrx_word' id='word_1_193' title='bbox 211 3265 324 3330; x_wconf 90' lang='lat' dir='ltr'><strong>deinde</strong></span> <span class='ocrx_word' id='word_1_194' title='bbox 348 3265 363 3329; x_wconf 93' lang='lat' dir='ltr'>I</span> <span class='ocrx_word' id='word_1_195' title='bbox 380 3269 443 3331; x_wconf 87' lang='lat'><strong>650</strong></span> <span class='ocrx_word' id='word_1_196' title='bbox 463 3287 559 3351; x_wconf 81' lang='lat' dir='ltr'><strong>seqq,</strong></span> <span class='ocrx_word' id='word_1_197' title='bbox 582 3269 637 3332; x_wconf 91' lang='lat' dir='ltr'><strong>ubi</strong></span> <span class='ocrx_word' id='word_1_198' title='bbox 655 3269 798 3334; x_wconf 87' lang='lat' dir='ltr'><strong>Achilles</strong></span> <span class='ocrx_word' id='word_1_199' title='bbox 815 3270 1012 3334; x_wconf 87' lang='lat' dir='ltr'><strong>Deidamiam</strong></span> <span class='ocrx_word' id='word_1_200' title='bbox 1037 3272 1131 3334; x_wconf 91' lang='lat' dir='ltr'><strong>modo</strong></span> <span class='ocrx_word' id='word_1_201' title='bbox 1148 3270 1180 3333; x_wconf 86' lang='lat' dir='ltr'><strong>vi</strong></span> <span class='ocrx_word' id='word_1_202' title='bbox 1196 3292 1380 3351; x_wconf 87' lang='lat' dir='ltr'><strong>oppressam</strong></span> 
     </span>
    </p>
   </div>
   <div class='ocr_carea' id='block_1_3' title="bbox 130 3373 486 3439">
    <p class='ocr_par' dir='ltr' id='par_1_5' title="bbox 130 3373 486 3439">
     <span class='ocr_line' id='line_1_27' title="bbox 130 3373 486 3439; baseline 0.011 -5"><span class='ocrx_word' id='word_1_203' title='bbox 130 3379 135 3388; x_wconf 94' lang='lat'>&#39;</span> <span class='ocrx_word' id='word_1_204' title='bbox 211 3373 396 3436; x_wconf 85' lang='lat' dir='ltr'><strong>consolatur</strong></span> <span class='ocrx_word' id='word_1_205' title='bbox 419 3374 486 3439; x_wconf 86' lang='lat' dir='ltr'><strong>his:</strong></span> 
     </span>
    </p>
   </div>
   <div class='ocr_carea' id='block_1_4' title="bbox 314 3481 1370 3760">
    <p class='ocr_par' dir='ltr' id='par_1_6' title="bbox 314 3481 1370 3760">
     <span class='ocr_line' id='line_1_28' title="bbox 320 3481 1370 3569; baseline 0.003 -27"><span class='ocrx_word' id='word_1_206' title='bbox 320 3481 371 3543; x_wconf 84' lang='lat' dir='ltr'><strong>ille</strong></span> <span class='ocrx_word' id='word_1_207' title='bbox 387 3502 438 3563; x_wconf 76' lang='lat' dir='ltr'><strong>epo</strong></span> <span class='ocrx_word' id='word_1_208' title='bbox 453 3517 490 3525; x_wconf 92' lang='lat'>-</span> <span class='ocrx_word' id='word_1_209' title='bbox 507 3482 584 3565; x_wconf 82' lang='lat' dir='ltr'><strong>quid</strong></span> <span class='ocrx_word' id='word_1_210' title='bbox 599 3484 808 3565; x_wconf 78' lang='lat' dir='ltr'><strong>tr·epidus?—</strong></span> <span class='ocrx_word' id='word_1_211' title='bbox 820 3487 957 3567; x_wconf 73' lang='lat' dir='ltr'><strong>penitam</strong></span> <span class='ocrx_word' id='word_1_212' title='bbox 971 3507 1056 3569; x_wconf 77' lang='lat' dir='ltr'><strong>quern</strong></span> <span class='ocrx_word' id='word_1_213' title='bbox 1081 3485 1230 3547; x_wconf 80' lang='lat' dir='ltr'><strong>caerulo</strong></span> <span class='ocrx_word' id='word_1_214' title='bbox 1255 3491 1370 3546; x_wconf 72' lang='lat' dir='ltr'><strong>inciter</strong></span> 
     </span>
     <span class='ocr_line' id='line_1_29' title="bbox 314 3587 1184 3674; baseline 0.006 -25"><span class='ocrx_word' id='word_1_215' title='bbox 314 3609 413 3670; x_wconf 83' lang='lat' dir='ltr'><strong>poene</strong></span> <span class='ocrx_word' id='word_1_216' title='bbox 437 3587 504 3650; x_wconf 84' lang='lat' dir='ltr'><strong>Iovi</strong></span> <span class='ocrx_word' id='word_1_217' title='bbox 527 3589 613 3651; x_wconf 76' lang='lat' dir='ltr'><strong>siluis</strong></span> <span class='ocrx_word' id='word_1_218' title='bbox 636 3590 817 3674; x_wconf 82' lang='lat' dir='ltr'><strong>nivibusque</strong></span> <span class='ocrx_word' id='word_1_219' title='bbox 841 3593 986 3654; x_wconf 74' lang='lat' dir='ltr'><strong>inrrrisit</strong></span> <span class='ocrx_word' id='word_1_220' title='bbox 1010 3592 1184 3654; x_wconf 69' lang='lat' dir='ltr'><strong>ruendum</strong></span> 
     </span>
     <span class='ocr_line' id='line_1_30' title="bbox 323 3694 512 3760; baseline 0.011 -2"><span class='ocrx_word' id='word_1_221' title='bbox 323 3694 512 3760; x_wconf 80' lang='lat' dir='ltr'><strong>Thessalicis,</strong></span> 
     </span>
    </p>
   </div>
   <div class='ocr_carea' id='block_1_5' title="bbox 210 3819 1382 4116">
    <p class='ocr_par' dir='ltr' id='par_1_7' title="bbox 210 3819 1382 4116">
     <span class='ocr_line' id='line_1_31' title="bbox 281 3819 1381 3907; baseline 0.003 -25"><span class='ocrx_word' id='word_1_222' title='bbox 281 3820 378 3883; x_wconf 86' lang='lat' dir='ltr'><strong>Poeta</strong></span> <span class='ocrx_word' id='word_1_223' title='bbox 410 3819 510 3903; x_wconf 85' lang='lat' dir='ltr'><strong>igitur</strong></span> <span class='ocrx_word' id='word_1_224' title='bbox 543 3821 685 3885; x_wconf 81' lang='lat' dir='ltr'><strong>fabulam</strong></span> <span class='ocrx_word' id='word_1_225' title='bbox 719 3822 765 3886; x_wconf 88' lang='lat' dir='ltr'><strong>ita</strong></span> <span class='ocrx_word' id='word_1_226' title='bbox 788 3823 955 3902; x_wconf 83' lang='lat' dir='ltr'><strong>formavit,</strong></span> <span class='ocrx_word' id='word_1_227' title='bbox 986 3829 1023 3888; x_wconf 97' lang='lat' dir='ltr'><strong>ut</strong></span> <span class='ocrx_word' id='word_1_228' title='bbox 1052 3825 1189 3907; x_wconf 86' lang='lat' dir='ltr'><strong>tingeret</strong></span> <span class='ocrx_word' id='word_1_229' title='bbox 1213 3822 1381 3887; x_wconf 71' lang='lat' dir='ltr'><strong>&#39;l’hetidem</strong></span> 
     </span>
     <span class='ocr_line' id='line_1_32' title="bbox 211 3926 1380 4014; baseline 0.003 -26"><span class='ocrx_word' id='word_1_230' title='bbox 211 3926 319 4009; x_wconf 88' lang='lat' dir='ltr'><strong>aliqua</strong></span> <span class='ocrx_word' id='word_1_231' title='bbox 343 3926 381 3988; x_wconf 90' lang='lat' dir='ltr'><strong>de</strong></span> <span class='ocrx_word' id='word_1_232' title='bbox 405 3949 509 4004; x_wconf 86' lang='lat' dir='ltr'><strong>causa,</strong></span> <span class='ocrx_word' id='word_1_233' title='bbox 534 3928 671 3991; x_wconf 87' lang='lat' dir='ltr'><strong>fortasse</strong></span> <span class='ocrx_word' id='word_1_234' title='bbox 695 3929 780 4012; x_wconf 92' lang='lat' dir='ltr'><strong>quod</strong></span> <span class='ocrx_word' id='word_1_235' title='bbox 805 3929 885 3993; x_wconf 88' lang='lat' dir='ltr'><strong>sorti</strong></span> <span class='ocrx_word' id='word_1_236' title='bbox 910 3930 1048 4014; x_wconf 83' lang='lat' dir='ltr'><strong>iniquae,</strong></span> <span class='ocrx_word' id='word_1_237' title='bbox 1073 3954 1136 4013; x_wconf 91' lang='lat' dir='ltr'><strong>qua</strong></span> <span class='ocrx_word' id='word_1_238' title='bbox 1160 3936 1271 3994; x_wconf 86' lang='lat' dir='ltr'><strong>coacta</strong></span> <span class='ocrx_word' id='word_1_239' title='bbox 1295 3929 1380 3992; x_wconf 89' lang='lat' dir='ltr'><strong>Pelei</strong></span> 
     </span>
     <span class='ocr_line' id='line_1_33' title="bbox 210 4032 1382 4116; baseline 0.004 -22"><span class='ocrx_word' id='word_1_240' title='bbox 210 4032 394 4116; x_wconf 86' lang='lat' dir='ltr'><strong>coniugium</strong></span> <span class='ocrx_word' id='word_1_241' title='bbox 428 4034 585 4112; x_wconf 84' lang='lat' dir='ltr'><strong>subierat,</strong></span> <span class='ocrx_word' id='word_1_242' title='bbox 616 4057 715 4115; x_wconf 90' lang='lat' dir='ltr'><strong>puero</strong></span> <span class='ocrx_word' id='word_1_243' title='bbox 747 4040 823 4100; x_wconf 85' lang='lat' dir='ltr'><strong>nato</strong></span> <span class='ocrx_word' id='word_1_244' title='bbox 855 4037 934 4100; x_wconf 89' lang='lat' dir='ltr'><strong>satis</strong></span> <span class='ocrx_word' id='word_1_245' title='bbox 963 4037 1075 4101; x_wconf 87' lang='lat' dir='ltr'><strong>fecisse</strong></span> <span class='ocrx_word' id='word_1_246' title='bbox 1107 4037 1168 4100; x_wconf 90' lang='lat' dir='ltr'><strong>sibi</strong></span> <span class='ocrx_word' id='word_1_247' title='bbox 1206 4037 1382 4113; x_wconf 87' lang='lat' dir='ltr'><strong>videbatur,</strong></span> 
     </span>
    </p>
   </div>
   <div class='ocr_carea' id='block_1_6' title="bbox 286 4261 848 4426">
    <p class='ocr_par' dir='ltr' id='par_1_8' title="bbox 286 4261 848 4426">
     <span class='ocr_line' id='line_1_34' title="bbox 286 4261 848 4336; baseline 0.009 -18"><span class='ocrx_word' id='word_1_248' title='bbox 286 4261 302 4327; x_wconf 71' lang='grc' dir='ltr'>Ἰ</span> <span class='ocrx_word' id='word_1_249' title='bbox 321 4265 394 4319; x_wconf 89' lang='lat' dir='ltr'><strong>Nub.</strong></span> <span class='ocrx_word' id='word_1_250' title='bbox 414 4285 439 4319; x_wconf 88' lang='lat' dir='ltr'><strong>v.</strong></span> <span class='ocrx_word' id='word_1_251' title='bbox 461 4266 528 4321; x_wconf 83' lang='lat'>1067</span> <span class='ocrx_word' id='word_1_252' title='bbox 549 4285 624 4336; x_wconf 89' lang='lat' dir='ltr'><strong>seqq.</strong></span> <span class='ocrx_word' id='word_1_253' title='bbox 649 4269 691 4322; x_wconf 89' lang='lat' dir='ltr'><strong>ed.</strong></span> <span class='ocrx_word' id='word_1_254' title='bbox 711 4270 848 4325; x_wconf 83' lang='lat' dir='ltr'><strong>Meineke.</strong></span> 
     </span>
     <span class='ocr_line' id='line_1_35' title="bbox 286 4350 812 4426; baseline 0.013 -18"><span class='ocrx_word' id='word_1_255' title='bbox 286 4350 363 4418; x_wconf 72' lang='lat' dir='ltr'><strong>&#39;till</strong></span> <span class='ocrx_word' id='word_1_256' title='bbox 386 4355 427 4420; x_wconf 90' lang='lat'><strong>18,</strong></span> <span class='ocrx_word' id='word_1_257' title='bbox 448 4356 481 4409; x_wconf 82' lang='lat'><strong>12</strong></span> <span class='ocrx_word' id='word_1_258' title='bbox 501 4357 542 4412; x_wconf 88' lang='lat' dir='ltr'><strong>ed.</strong></span> <span class='ocrx_word' id='word_1_259' title='bbox 563 4357 812 4426; x_wconf 80' lang='lat' dir='ltr'><strong>Hitzig-Bldmner.</strong></span> 
     </span>
    </p>
   </div>
   <div class='ocr_carea' id='block_1_7' title="bbox 0 0 1651 5034">
    <p class='ocr_par' dir='ltr' id='par_1_9' title="bbox 0 0 1651 5034">
     <span class='ocr_line' id='line_1_36' title="bbox 0 0 1651 5034; baseline 0 0"><span class='ocrx_word' id='word_1_260' title='bbox 0 0 1651 5034; x_wconf 95' lang='lat' dir='ltr'><strong> </strong></span> 
     </span>
    </p>
   </div>
  </div>
 </body>
</html>
