3292 5034
718 445 930 507 ..10-

237 636 383 700 Ouidio
418 643 589 717 praeeunte
624 639 811 702 Proteum
845 638 974 702 finxisse
1010 639 1255 717 vaticinantem,
1286 639 1405 722 quippe

237 741 291 826 qui
316 743 441 824 saepius
466 745 525 808 hoc
550 767 681 808 munere
704 745 892 830 fungatur¹)
917 751 949 809 et
965 767 1057 809 versu
1077 733 1138 811 136
1158 747 1268 810 cedem
1285 767 1405 829 cogno·

236 849 321 913 ruine
359 872 422 934 quo
458 852 542 932 apud
578 849 764 941 Ovidium2)
794 851 1010 933 Carpathii
1050 851 1160 916 vatis
1197 851 1405 937 significetur.

237 956 359 1022 Deinde
383 957 549 1022 Thetidem
578 980 642 1022 non
667 957 728 1022 nisi
751 959 828 1022 fatis
851 963 993 1023 coactum
1018 958 1149 1022 Peleum
1172 981 1240 1023 esse
1264 962 1405 1022 secutam

237 1085 424 1147 semperque
448 1064 544 1128 sortis
568 1064 773 1148 iniquitatem
797 1065 949 1144 doluisse,
982 1067 1067 1148 quod
1090 1065 1161 1146 ipsa
1185 1067 1258 1144 dea,
1281 1085 1405 1129 summo

236 1172 395 1253 quondum
407 1170 473 1236 Iovi
484 1171 637 1254 quaesita,
645 1171 791 1236 mortalis
802 1172 1006 1236 concubitum
1015 1172 1084 1252 pati
1094 1175 1205 1235 coacta
1213 1171 1263 1251 sit,
1272 1175 1406 1252 apparet

237 1299 275 1340 ox
300 1276 444 1342 versibus
473 1278 524 1342 his
553 1277 568 1342 l
593 1280 635 1343 90
659 1301 753 1362 seqq.‚
778 1278 833 1343 ubi
857 1331 864 1344 .
889 1330 895 1345 .
919 1330 926 1344 .
951 1332 956 1344 .
982 1279 1072 1342 deam
1097 1279 1297 1344 consolatur:

304 1385 420 1448 Peleu
444 1388 521 1449 ioue
545 1387 692 1449 desiste
717 1389 831 1470 queri
853 1387 1131 1470 thalamosque
1154 1387 1335 1449 uriuores

305 1491 446 1556 Crederis
463 1495 618 1576 peperisse
640 1493 727 1572 Ioui;

236 1597 251 1663 I
276 1600 339 1662 252
364 1620 459 1682 seqq.‚
483 1599 537 1662 ubi
561 1598 672 1663 Thetis
696 1597 855 1664 Achillem
880 1599 1071 1682 alloquitur:

344 1707 379 1769 Si
401 1707 486 1786 inihi,
510 1713 581 1770 uuie
602 1728 689 1790 puer,
713 1707 912 1770 ihuluruos
935 1728 1022 1770 sors
1046 1728 1175 1790 uepuu
1198 1707 1324 1786 tulisset,

345 1835 440 1898 quos
463 1813 602 1893 dabui,
627 1814 769 1877 aetheriis
792 1835 844 1897 epo
867 1821 895 1877 te
917 1814 1073 1896 corupleuu
1096 1820 1225 1876 tenerem

343 1921 431 1984 sidus
451 1921 573 2004 pruude
593 1921 696 2005 piupis
718 1922 932 2005 rreupuique
949 1941 1153 2003 puerpera
1177 1919 1281 1982 coeii

344 2029 390 2091 uit
412 2029 541 2092 humiles
566 2028 686 2091 Puueus
708 2035 891 2113 terrenaque
909 2027 982 2109 futu
1006 2048 1131 2090 uererer.

238 2133 313 2200 ibid.
338 2136 418 2200 268:

344 2243 372 2306 si
395 2249 527 2305 terres
549 2243 819 2326 humilemque
838 2249 1002 2325 eupertu
1024 2243 1209 2304 ueurituru

343 2356 370 2412 te
388 2356 518 2432 propter
541 2372 565 2416 e.
582 2372 611 2433 q.
628 2372 660 2429 s,

237 2455 353 2538 quibus
377 2455 518 2520 versibus
549 2455 608 2520 etsi
632 2478 696 2520 non
722 2476 870 2536 expresse
894 2454 970 2518 dicit
995 2459 1104 2519 tamen
1127 2453 1289 2538 significat
1312 2456 1408 2534 poeta

237 2562 404 2627 'Photidem
438 2586 501 2627 non
525 2562 588 2626 nisi
613 2562 642 2625 vi
667 2567 699 2626 et
723 2562 796 2626 dolo
820 2561 974 2626 adhibitis
998 2561 1085 2625 Pelei
1110 2559 1316 2626 concubitum
1340 2580 1407 2623 esse

238 2691 381 2749 passuum
413 2669 463 2733 oui
488 2669 532 2732 rei
558 2692 620 2732 non
645 2675 815 2753 repugnat,
849 2670 934 2751 quod
957 2666 1038 2732 idem
1064 2677 1178 2750 postea
1201 2666 1330 2748 nuptias
1353 2668 1407 2731 de-

238 2775 351 2840 scribit
375 2777 460 2840 Pelei
492 2783 524 2840 et
548 2775 693 2840 Thetidis
718 2800 736 2840 a
760 2775 809 2839 dis
834 2776 1025 2854 celebratas,
1056 2775 1153 2840 immo
1179 2776 1257 2838 haec
1281 2796 1408 2857 quoque

238 2905 289 2946 res
327 2887 393 2946 tam
435 2884 512 2948 bene
551 2882 701 2947 convenit
739 2883 868 2946 fabulae
907 2906 1001 2966 quam
1041 2905 1139 2963 supra
1184 2880 1409 2962 descripsimus

239 2988 269 3052 H
279 2989 486 3070 esiodeae,
519 2996 555 3054 ut
585 3013 644 3071 pro
677 2996 765 3055 certo
799 2990 958 3072 possimus
990 2994 1132 3054 statuere
1164 2990 1261 3067 hanc,
1296 3010 1360 3051 non
1392 3009 1408 3050 e

238 3096 479 3179 Cypriorum
514 3097 653 3160 carmine
686 3119 768 3180 quas
801 3097 959 3183 originem
992 3096 1081 3160 ducit
1112 3095 1240 3159 fabulae
1273 3096 1407 3159 formam

239 3203 440 3268 obversatam
476 3226 544 3268 esse
576 3208 699 3285 poetae.
757 3203 900 3269 Similem
933 3204 1061 3267 fabulae
1093 3204 1229 3266 formam
1263 3205 1408 3282 spectare

239 3308 365 3373 videtur
391 3309 585 3375 Valerius
609 3311 796 3390 Flaccus,
821 3313 894 3376 dum
920 3309 1117 3392 picturnm³³>
1141 3331 1237 3392 quam
1260 3307 1293 3370 in
1317 3306 1408 3392 Argo

240 3417 313 3478 navi
336 3415 501 3498 impictam
525 3416 630 3503 fingit,
653 3418 887 3500 interpretatur
911 3416 1056 3481 versibus
1081 3415 1131 3480 his
1141 3416 1185 3495 ⁴):

346 3524 409 3587 Hie
439 3527 671 3608 insperatos
700 3525 852 3610 Tyrrheni
874 3531 991 3607 terpore
1008 3525 1106 3606 piscis

345 3631 450 3696 Peleos
472 3634 507 3696 iu
531 3633 682 3696 thuiuruos
705 3632 823 3696 uehitur
852 3632 972 3710 Thetis;
994 3651 1131 3714 uepuoru
1154 3629 1290 3713 Delphin

315 3769 332 3836 ¹)
352 3774 387 3828 of.
408 3773 475 3828 Aeh.
495 3775 507 3826 Ι
530 3774 564 3828 32
584 3791 675 3842 seqq.;
698 3774 756 3826 136.

315 3858 332 3926 ⁹)
352 3864 466 3918 Metam.
490 3865 527 3917 XI
547 3864 608 3918 249.

315 3947 333 4015 ³)
352 3952 477 4007 Similem
498 3953 652 4020 imaginem
671 3953 701 4011 in
722 3953 840 4006 Achillis
862 3951 951 4020 clipeo
971 3950 1118 4020 impictum
1139 3951 1221 4019 fingit
1240 3951 1271 4017 Q.
1291 3950 1409 4017 Smyr·

241 4059 353 4094 naeus
373 4043 397 4096 V
416 4043 530 4107 73-76,
550 4043 583 4097 cf.
604 4043 691 4097 etium
711 4041 856 4095 Tibulli
876 4044 888 4094 Ι
908 4042 933 4106 5,
952 4043 986 4095 45
1006 4059 1082 4110 seqq.

475 4135 550 4186 Talis
570 4135 606 4185 ud
625 4134 807 4185 Haemonium
827 4134 923 4184 Nereis
943 4134 1020 4185 Peleu
1039 4133 1174 4199 quondum

477 4223 555 4274 Vecta
574 4229 611 4275 est
628 4223 738 4288 frenato
756 4224 868 4275 caerula
881 4223 958 4289 pisce
980 4223 1078 4276 Thetis.

316 4309 334 4376 ‘l
352 4312 456 4381 Argon.
477 4311 489 4364 l
511 4310 561 4368 130
580 4329 656 4383 seqq.
686 4312 728 4368 ed.
748 4310 876 4369 Schenkl.
