<?xml version="1.0" encoding="UTF-8"?>
<!DOCTYPE html PUBLIC "-//W3C//DTD XHTML 1.0 Transitional//EN"
    "http://www.w3.org/TR/xhtml1/DTD/xhtml1-transitional.dtd">
<html xmlns="http://www.w3.org/1999/xhtml" xml:lang="en" lang="en">
 <head>
  <title>
</title>
<meta http-equiv="Content-Type" content="text/html;charset=utf-8" />
  <meta name='ocr-system' content='tesseract 3.04.00' />
  <meta name='ocr-capabilities' content='ocr_page ocr_carea ocr_par ocr_line ocrx_word'/>
</head>
<body>
  <div class='ocr_page' id='page_1' title='image "./ppapiniusstatiu00kuergoog_0009.png"; bbox 0 0 3292 5034; ppageno 0'>
   <div class='ocr_carea' id='block_1_1' title="bbox 706 501 901 598">
    <p class='ocr_par' dir='ltr' id='par_1_1' title="bbox 706 501 901 598">
     <span class='ocr_line' id='line_1_1' title="bbox 706 501 901 598; baseline 0 -52"><span class='ocrx_word' id='word_1_1' title='bbox 706 501 901 598; x_wconf 32' lang='lat'><strong>⁴3.-</strong></span> 
     </span>
    </p>
   </div>
   <div class='ocr_carea' id='block_1_2' title="bbox 125 693 1441 2270">
    <p class='ocr_par' dir='ltr' id='par_1_2' title="bbox 125 693 1441 2270">
     <span class='ocr_line' id='line_1_2' title="bbox 218 693 1389 780; baseline 0.002 -24"><span class='ocrx_word' id='word_1_2' title='bbox 218 694 446 780; x_wconf 82' lang='lat' dir='ltr'><strong>mythologica,</strong></span> <span class='ocrx_word' id='word_1_3' title='bbox 470 694 559 758; x_wconf 86' lang='lat' dir='ltr'><strong>salva</strong></span> <span class='ocrx_word' id='word_1_4' title='bbox 583 694 735 757; x_wconf 85' lang='lat' dir='ltr'><strong>materiae</strong></span> <span class='ocrx_word' id='word_1_5' title='bbox 758 693 904 774; x_wconf 81' lang='lat' dir='ltr'>poeticae</span> <span class='ocrx_word' id='word_1_6' title='bbox 926 694 997 758; x_wconf 87' lang='lat' dir='ltr'><strong>loco</strong></span> <span class='ocrx_word' id='word_1_7' title='bbox 1023 693 1134 757; x_wconf 87' lang='lat' dir='ltr'><strong>habita</strong></span> <span class='ocrx_word' id='word_1_8' title='bbox 1158 697 1235 758; x_wconf 88' lang='lat' dir='ltr'><strong>sunt</strong></span> <span class='ocrx_word' id='word_1_9' title='bbox 1250 718 1269 757; x_wconf 88' lang='lat' dir='ltr'><strong>a</strong></span> <span class='ocrx_word' id='word_1_10' title='bbox 1284 694 1389 776; x_wconf 91' lang='lat' dir='ltr'><strong>poetis</strong></span> 
     </span>
     <span class='ocr_line' id='line_1_3' title="bbox 218 799 1388 884; baseline 0 -20"><span class='ocrx_word' id='word_1_11' title='bbox 218 801 273 882; x_wconf 92' lang='lat' dir='ltr'><strong>qui</strong></span> <span class='ocrx_word' id='word_1_12' title='bbox 297 807 370 882; x_wconf 90' lang='lat' dir='ltr'><strong>post</strong></span> <span class='ocrx_word' id='word_1_13' title='bbox 394 801 571 865; x_wconf 86' lang='lat' dir='ltr'><strong>Homerum</strong></span> <span class='ocrx_word' id='word_1_14' title='bbox 595 805 628 864; x_wconf 93' lang='lat' dir='ltr'><strong>et</strong></span> <span class='ocrx_word' id='word_1_15' title='bbox 651 799 788 883; x_wconf 87' lang='lat' dir='ltr'><strong>cyclicos</strong></span> <span class='ocrx_word' id='word_1_16' title='bbox 811 801 990 868; x_wconf 86' lang='lat' dir='ltr'><strong>floruerunt</strong></span> <span class='ocrx_word' id='word_1_17' title='bbox 1009 799 1148 879; x_wconf 79' lang='lat' dir='ltr'><strong>Graecis,</strong></span> <span class='ocrx_word' id='word_1_18' title='bbox 1172 823 1307 884; x_wconf 92' lang='lat' dir='ltr'><strong>quorum</strong></span> <span class='ocrx_word' id='word_1_19' title='bbox 1333 801 1388 867; x_wconf 85' lang='lat' dir='ltr'><strong>alii</strong></span> 
     </span>
     <span class='ocr_line' id='line_1_4' title="bbox 219 906 1388 987; baseline 0.001 -17"><span class='ocrx_word' id='word_1_20' title='bbox 219 907 413 972; x_wconf 82' lang='lat' dir='ltr'><strong>carminibus</strong></span> <span class='ocrx_word' id='word_1_21' title='bbox 437 908 502 971; x_wconf 92' lang='lat' dir='ltr'><strong>suis</strong></span> <span class='ocrx_word' id='word_1_22' title='bbox 526 908 704 972; x_wconf 86' lang='lat' dir='ltr'><strong>insererent</strong></span> <span class='ocrx_word' id='word_1_23' title='bbox 727 907 855 972; x_wconf 83' lang='lat' dir='ltr'><strong>fabulas</strong></span> <span class='ocrx_word' id='word_1_24' title='bbox 876 907 949 970; x_wconf 90' lang='lat' dir='ltr'><strong>inde</strong></span> <span class='ocrx_word' id='word_1_25' title='bbox 965 906 1092 987; x_wconf 85' lang='lat' dir='ltr'><strong>petitas,</strong></span> <span class='ocrx_word' id='word_1_26' title='bbox 1115 908 1204 971; x_wconf 85' lang='lat' dir='ltr'><strong>velu&#39;t</strong></span> <span class='ocrx_word' id='word_1_27' title='bbox 1221 907 1388 986; x_wconf 73' lang='lat' dir='ltr'><strong>Pindarus,</strong></span> 
     </span>
     <span class='ocr_line' id='line_1_5' title="bbox 218 1013 1388 1099; baseline 0.001 -23"><span class='ocrx_word' id='word_1_28' title='bbox 218 1013 272 1076; x_wconf 85' lang='lat' dir='ltr'><strong>alii</strong></span> <span class='ocrx_word' id='word_1_29' title='bbox 297 1014 535 1099; x_wconf 84' lang='lat' dir='ltr'><strong>tragoediarum</strong></span> <span class='ocrx_word' id='word_1_30' title='bbox 566 1013 639 1077; x_wconf 89' lang='lat' dir='ltr'><strong>inde</strong></span> <span class='ocrx_word' id='word_1_31' title='bbox 670 1017 834 1078; x_wconf 78' lang='lat' dir='ltr'><strong>sumerent</strong></span> <span class='ocrx_word' id='word_1_32' title='bbox 857 1019 1056 1098; x_wconf 80' lang='lat' dir='ltr'><strong>argumenta,</strong></span> <span class='ocrx_word' id='word_1_33' title='bbox 1087 1014 1175 1078; x_wconf 85' lang='lat' dir='ltr'><strong>velut</strong></span> <span class='ocrx_word' id='word_1_34' title='bbox 1199 1013 1388 1097; x_wconf 80' lang='lat' dir='ltr'><strong>Aeschylus,</strong></span> 
     </span>
     <span class='ocr_line' id='line_1_6' title="bbox 218 1118 1387 1202; baseline 0.001 -19"><span class='ocrx_word' id='word_1_35' title='bbox 218 1118 407 1200; x_wconf 82' lang='lat' dir='ltr'><strong>Sophocles,</strong></span> <span class='ocrx_word' id='word_1_36' title='bbox 433 1120 616 1202; x_wconf 77' lang='lat' dir='ltr'><strong>Euripides,</strong></span> <span class='ocrx_word' id='word_1_37' title='bbox 647 1121 702 1184; x_wconf 86' lang='lat' dir='ltr'><strong>alii</strong></span> <span class='ocrx_word' id='word_1_38' title='bbox 735 1121 817 1184; x_wconf 90' lang='lat' dir='ltr'><strong>hanc</strong></span> <span class='ocrx_word' id='word_1_39' title='bbox 843 1120 892 1183; x_wconf 87' lang='lat' dir='ltr'><strong>vel</strong></span> <span class='ocrx_word' id='word_1_40' title='bbox 923 1119 1012 1184; x_wconf 88' lang='lat' dir='ltr'><strong>illam</strong></span> <span class='ocrx_word' id='word_1_41' title='bbox 1037 1119 1229 1201; x_wconf 87' lang='lat' dir='ltr'><strong>particulam</strong></span> <span class='ocrx_word' id='word_1_42' title='bbox 1254 1143 1292 1184; x_wconf 85' lang='lat' dir='ltr'><strong>ex</strong></span> <span class='ocrx_word' id='word_1_43' title='bbox 1316 1126 1387 1184; x_wconf 91' lang='lat' dir='ltr'><strong>toto</strong></span> 
     </span>
     <span class='ocr_line' id='line_1_7' title="bbox 218 1227 1386 1312; baseline 0.002 -24"><span class='ocrx_word' id='word_1_44' title='bbox 218 1227 307 1309; x_wconf 83' lang='lat' dir='ltr'>cyclo</span> <span class='ocrx_word' id='word_1_45' title='bbox 343 1228 524 1308; x_wconf 75' lang='lat' dir='ltr'><strong>decerptam</strong></span> <span class='ocrx_word' id='word_1_46' title='bbox 557 1227 697 1292; x_wconf 85' lang='lat' dir='ltr'><strong>carmine</strong></span> <span class='ocrx_word' id='word_1_47' title='bbox 731 1231 929 1309; x_wconf 76' lang='lat' dir='ltr'><strong>exponerent</strong></span> <span class='ocrx_word' id='word_1_48' title='bbox 964 1233 997 1291; x_wconf 86' lang='lat' dir='ltr'><strong>ct</strong></span> <span class='ocrx_word' id='word_1_49' title='bbox 1029 1227 1281 1312; x_wconf 84' lang='lat' dir='ltr'><strong>distinguerent,</strong></span> <span class='ocrx_word' id='word_1_50' title='bbox 1317 1227 1386 1293; x_wconf 90' lang='lat' dir='ltr'><strong>dico</strong></span> 
     </span>
     <span class='ocr_line' id='line_1_8' title="bbox 220 1332 1385 1419; baseline 0.003 -24"><span class='ocrx_word' id='word_1_51' title='bbox 220 1332 461 1416; x_wconf 81' lang='lat' dir='ltr'><strong>Alexandrinos,</strong></span> <span class='ocrx_word' id='word_1_52' title='bbox 484 1335 539 1418; x_wconf 91' lang='lat' dir='ltr'><strong>qui</strong></span> <span class='ocrx_word' id='word_1_53' title='bbox 563 1358 634 1399; x_wconf 91' lang='lat' dir='ltr'><strong>cum</strong></span> <span class='ocrx_word' id='word_1_54' title='bbox 659 1335 761 1398; x_wconf 84' lang='lat' dir='ltr'><strong>multa</strong></span> <span class='ocrx_word' id='word_1_55' title='bbox 785 1334 849 1398; x_wconf 89' lang='lat' dir='ltr'><strong>alia</strong></span> <span class='ocrx_word' id='word_1_56' title='bbox 865 1339 932 1398; x_wconf 90' lang='lat' dir='ltr'><strong>tum</strong></span> <span class='ocrx_word' id='word_1_57' title='bbox 951 1358 1001 1399; x_wconf 88' lang='lat' dir='ltr'><strong>res</strong></span> <span class='ocrx_word' id='word_1_58' title='bbox 1017 1333 1193 1399; x_wconf 85' lang='lat' dir='ltr'><strong>amatorias</strong></span> <span class='ocrx_word' id='word_1_59' title='bbox 1210 1334 1385 1419; x_wconf 85' lang='lat' dir='ltr'><strong>depingere</strong></span> 
     </span>
     <span class='ocr_line' id='line_1_9' title="bbox 125 1423 1387 1530; baseline 0.002 -28"><span class='ocrx_word' id='word_1_60' title='bbox 125 1423 126 1426; x_wconf 19' lang='lat'>¹</span> <span class='ocrx_word' id='word_1_61' title='bbox 218 1445 250 1503; x_wconf 87' lang='lat' dir='ltr'><strong>et</strong></span> <span class='ocrx_word' id='word_1_62' title='bbox 274 1463 428 1505; x_wconf 86' lang='lat' dir='ltr'><strong>exornare</strong></span> <span class='ocrx_word' id='word_1_63' title='bbox 451 1443 625 1505; x_wconf 87' lang='lat' dir='ltr'><strong>studebant</strong></span> <span class='ocrx_word' id='word_1_64' title='bbox 648 1441 750 1524; x_wconf 87' lang='lat' dir='ltr'><strong>idyllii</strong></span> <span class='ocrx_word' id='word_1_65' title='bbox 775 1441 897 1522; x_wconf 89' lang='lat' dir='ltr'><strong>specie,</strong></span> <span class='ocrx_word' id='word_1_66' title='bbox 930 1441 1020 1505; x_wconf 91' lang='lat' dir='ltr'><strong>cuius</strong></span> <span class='ocrx_word' id='word_1_67' title='bbox 1043 1441 1170 1524; x_wconf 83' lang='lat' dir='ltr'><strong>generis</strong></span> <span class='ocrx_word' id='word_1_68' title='bbox 1194 1464 1220 1506; x_wconf 92' lang='grc'><strong>6.</strong></span> <span class='ocrx_word' id='word_1_69' title='bbox 1243 1463 1273 1526; x_wconf 82' lang='lat' dir='ltr'><strong>g.</strong></span> <span class='ocrx_word' id='word_1_70' title='bbox 1289 1443 1387 1530; x_wconf 21' lang='lat' dir='ltr'><strong>‚frag-</strong></span> 
     </span>
     <span class='ocr_line' id='line_1_10' title="bbox 219 1530 1387 1612; baseline 0.003 -4"><span class='ocrx_word' id='word_1_71' title='bbox 219 1553 365 1611; x_wconf 88' lang='lat' dir='ltr'><strong>mentum</strong></span> <span class='ocrx_word' id='word_1_72' title='bbox 391 1547 484 1611; x_wconf 88' lang='lat' dir='ltr'><strong>nobis</strong></span> <span class='ocrx_word' id='word_1_73' title='bbox 514 1554 673 1611; x_wconf 86' lang='lat' dir='ltr'><strong>servatum</strong></span> <span class='ocrx_word' id='word_1_74' title='bbox 700 1554 748 1611; x_wconf 91' lang='lat' dir='ltr'><strong>est</strong></span> <span class='ocrx_word' id='word_1_75' title='bbox 772 1543 884 1612; x_wconf 87' lang='lat' dir='ltr'><strong>Bionis</strong></span> <span class='ocrx_word' id='word_1_76' title='bbox 915 1549 954 1611; x_wconf 83' lang='lat' dir='ltr'><strong>ad</strong></span> <span class='ocrx_word' id='word_1_77' title='bbox 978 1547 1116 1611; x_wconf 85' lang='lat' dir='ltr'><strong>Achillis</strong></span> <span class='ocrx_word' id='word_1_78' title='bbox 1147 1553 1178 1611; x_wconf 90' lang='lat' dir='ltr'><strong>et</strong></span> <span class='ocrx_word' id='word_1_79' title='bbox 1203 1530 1387 1612; x_wconf 84' lang='lat' dir='ltr'><strong>Deidamiae</strong></span> 
     </span>
     <span class='ocr_line' id='line_1_11' title="bbox 218 1653 1386 1738; baseline 0.002 -22"><span class='ocrx_word' id='word_1_80' title='bbox 218 1677 357 1718; x_wconf 87' lang='lat' dir='ltr'><strong>amorem</strong></span> <span class='ocrx_word' id='word_1_81' title='bbox 388 1656 472 1738; x_wconf 89' lang='lat' dir='ltr'><strong>quod</strong></span> <span class='ocrx_word' id='word_1_82' title='bbox 503 1655 645 1736; x_wconf 88' lang='lat' dir='ltr'><strong>pertinet</strong></span> <span class='ocrx_word' id='word_1_83' title='bbox 676 1653 840 1718; x_wconf 85' lang='lat' dir='ltr'><strong>furtivum.</strong></span> <span class='ocrx_word' id='word_1_84' title='bbox 888 1655 1029 1728; x_wconf 80' lang='lat' dir='ltr'><strong>Quorum</strong></span> <span class='ocrx_word' id='word_1_85' title='bbox 1061 1654 1238 1718; x_wconf 87' lang='lat' dir='ltr'><strong>carminum</strong></span> <span class='ocrx_word' id='word_1_86' title='bbox 1263 1655 1322 1719; x_wconf 91' lang='lat' dir='ltr'><strong>etsi</strong></span> <span class='ocrx_word' id='word_1_87' title='bbox 1347 1657 1386 1718; x_wconf 88' lang='lat' dir='ltr'><strong>ad</strong></span> 
     </span>
     <span class='ocr_line' id='line_1_12' title="bbox 218 1760 1386 1843; baseline 0.003 -20"><span class='ocrx_word' id='word_1_88' title='bbox 218 1766 360 1824; x_wconf 84' lang='lat' dir='ltr'><strong>nostram</strong></span> <span class='ocrx_word' id='word_1_89' title='bbox 394 1765 530 1825; x_wconf 89' lang='lat' dir='ltr'><strong>aetatem</strong></span> <span class='ocrx_word' id='word_1_90' title='bbox 564 1784 666 1842; x_wconf 88' lang='lat' dir='ltr'><strong>pauca</strong></span> <span class='ocrx_word' id='word_1_91' title='bbox 696 1766 910 1842; x_wconf 87' lang='lat' dir='ltr'><strong>pervenerunt</strong></span> <span class='ocrx_word' id='word_1_92' title='bbox 942 1760 1045 1839; x_wconf 82' lang='lat' dir='ltr'><strong>salva,</strong></span> <span class='ocrx_word' id='word_1_93' title='bbox 1080 1762 1233 1843; x_wconf 88' lang='lat' dir='ltr'><strong>pleraque</strong></span> <span class='ocrx_word' id='word_1_94' title='bbox 1264 1766 1386 1838; x_wconf 84' lang='lat' dir='ltr'><strong>trunca,</strong></span> 
     </span>
     <span class='ocr_line' id='line_1_13' title="bbox 218 1867 1387 1952; baseline 0.003 -23"><span class='ocrx_word' id='word_1_95' title='bbox 218 1871 324 1930; x_wconf 86' lang='lat' dir='ltr'><strong>tumen</strong></span> <span class='ocrx_word' id='word_1_96' title='bbox 349 1867 434 1932; x_wconf 82' lang='lat' dir='ltr'><strong>Stati</strong></span> <span class='ocrx_word' id='word_1_97' title='bbox 457 1867 656 1949; x_wconf 88' lang='lat' dir='ltr'><strong>temporibus</strong></span> <span class='ocrx_word' id='word_1_98' title='bbox 679 1870 774 1949; x_wconf 89' lang='lat' dir='ltr'><strong>plura</strong></span> <span class='ocrx_word' id='word_1_99' title='bbox 789 1867 917 1952; x_wconf 85' lang='lat' dir='ltr'><strong>integra</strong></span> <span class='ocrx_word' id='word_1_100' title='bbox 938 1867 1035 1932; x_wconf 86' lang='lat' dir='ltr'><strong>fuisse</strong></span> <span class='ocrx_word' id='word_1_101' title='bbox 1056 1868 1118 1931; x_wconf 86' lang='lat' dir='ltr'><strong>iam</strong></span> <span class='ocrx_word' id='word_1_102' title='bbox 1135 1890 1173 1931; x_wconf 87' lang='lat' dir='ltr'><strong>ex</strong></span> <span class='ocrx_word' id='word_1_103' title='bbox 1190 1890 1227 1932; x_wconf 90' lang='lat' dir='ltr'><strong>eo</strong></span> <span class='ocrx_word' id='word_1_104' title='bbox 1244 1875 1387 1950; x_wconf 85' lang='lat' dir='ltr'><strong>apparet,</strong></span> 
     </span>
     <span class='ocr_line' id='line_1_14' title="bbox 218 1974 1388 2058; baseline 0.002 -22"><span class='ocrx_word' id='word_1_105' title='bbox 218 1976 302 2057; x_wconf 89' lang='lat' dir='ltr'><strong>quod</strong></span> <span class='ocrx_word' id='word_1_106' title='bbox 326 1979 422 2055; x_wconf 89' lang='lat' dir='ltr'><strong>poeta</strong></span> <span class='ocrx_word' id='word_1_107' title='bbox 446 1975 513 2055; x_wconf 89' lang='lat' dir='ltr'><strong>ipse</strong></span> <span class='ocrx_word' id='word_1_108' title='bbox 538 1975 636 2038; x_wconf 84' lang='lat' dir='ltr'><strong>tradit</strong></span> <span class='ocrx_word' id='word_1_109' title='bbox 653 1977 690 2039; x_wconf 90' lang='lat' dir='ltr'><strong>de</strong></span> <span class='ocrx_word' id='word_1_110' title='bbox 707 1975 811 2055; x_wconf 90' lang='lat' dir='ltr'><strong>poetis</strong></span> <span class='ocrx_word' id='word_1_111' title='bbox 830 1974 938 2058; x_wconf 87' lang='lat' dir='ltr'><strong>lyricis</strong></span> <span class='ocrx_word' id='word_1_112' title='bbox 955 1999 973 2038; x_wconf 91' lang='lat' dir='ltr'><strong>a</strong></span> <span class='ocrx_word' id='word_1_113' title='bbox 989 1979 1081 2056; x_wconf 87' lang='lat' dir='ltr'><strong>patre</strong></span> <span class='ocrx_word' id='word_1_114' title='bbox 1098 1975 1130 2038; x_wconf 92' lang='lat' dir='ltr'><strong>in</strong></span> <span class='ocrx_word' id='word_1_115' title='bbox 1147 1975 1222 2038; x_wconf 88' lang='lat' dir='ltr'><strong>ludo</strong></span> <span class='ocrx_word' id='word_1_116' title='bbox 1240 1976 1388 2040; x_wconf 86' lang='lat' dir='ltr'><strong>tractatis</strong></span> 
     </span>
     <span class='ocr_line' id='line_1_15' title="bbox 219 2080 1385 2167; baseline 0.005 -25"><span class='ocrx_word' id='word_1_117' title='bbox 219 2080 362 2144; x_wconf 88' lang='lat' dir='ltr'><strong>versibus</strong></span> <span class='ocrx_word' id='word_1_118' title='bbox 401 2081 551 2145; x_wconf 89' lang='lat' dir='ltr'><strong>carminis</strong></span> <span class='ocrx_word' id='word_1_119' title='bbox 589 2105 686 2162; x_wconf 86' lang='lat' dir='ltr'><strong>supra</strong></span> <span class='ocrx_word' id='word_1_120' title='bbox 720 2081 843 2146; x_wconf 91' lang='lat' dir='ltr'><strong>laudati</strong></span> <span class='ocrx_word' id='word_1_121' title='bbox 878 2081 930 2145; x_wconf 86' lang='lat' dir='ltr'><strong>his</strong></span> <span class='ocrx_word' id='word_1_122' title='bbox 965 2082 1087 2149; x_wconf 87' lang='lat' dir='ltr'><strong>silv.V</strong></span> <span class='ocrx_word' id='word_1_123' title='bbox 1120 2084 1155 2160; x_wconf 87' lang='lat'><strong>3,</strong></span> <span class='ocrx_word' id='word_1_124' title='bbox 1187 2084 1247 2145; x_wconf 82' lang='lat'><strong>149</strong></span> <span class='ocrx_word' id='word_1_125' title='bbox 1283 2105 1385 2167; x_wconf 81' lang='lat' dir='ltr'><strong>seqq:</strong></span> 
     </span>
     <span class='ocr_line' id='line_1_16' title="bbox 218 2172 1441 2270; baseline 0.002 -20"><span class='ocrx_word' id='word_1_126' title='bbox 218 2186 369 2267; x_wconf 89' lang='lat' dir='ltr'><strong>(Discunt</strong></span> <span class='ocrx_word' id='word_1_127' title='bbox 393 2188 484 2268; x_wconf 90' lang='lat' dir='ltr'><strong>pueri</strong></span> <span class='ocrx_word' id='word_1_128' title='bbox 508 2187 698 2270; x_wconf 84' lang='lat' dir='ltr'><strong>Homerum)</strong></span> <span class='ocrx_word' id='word_1_129' title='bbox 998 2172 1000 2174; x_wconf 63' lang='lat'>,</span> <span class='ocrx_word' id='word_1_130' title='bbox 1440 2176 1441 2179; x_wconf 21' lang='lat'>¹</span> 
     </span>
    </p>
   </div>
   <div class='ocr_carea' id='block_1_3' title="bbox 261 2314 1348 3252">
    <p class='ocr_par' dir='ltr' id='par_1_3' title="bbox 261 2314 1348 3252">
     <span class='ocr_line' id='line_1_17' title="bbox 582 2314 1169 2398; baseline 0.002 -22"><span class='ocrx_word' id='word_1_131' title='bbox 582 2322 791 2398; x_wconf 82' lang='lat' dir='ltr'><strong>qrnmtumqne</strong></span> <span class='ocrx_word' id='word_1_132' title='bbox 813 2315 881 2397; x_wconf 85' lang='lat' dir='ltr'><strong>pios</strong></span> <span class='ocrx_word' id='word_1_133' title='bbox 904 2314 1014 2377; x_wconf 84' lang='lat' dir='ltr'><strong>ditarit</strong></span> <span class='ocrx_word' id='word_1_134' title='bbox 1038 2321 1169 2397; x_wconf 73' lang='lat' dir='ltr'><strong>aqrestes</strong></span> 
     </span>
     <span class='ocr_line' id='line_1_18' title="bbox 262 2421 1257 2506; baseline 0.003 -24"><span class='ocrx_word' id='word_1_135' title='bbox 262 2421 466 2483; x_wconf 86' lang='lat' dir='ltr'><strong>Ascraeus</strong></span> <span class='ocrx_word' id='word_1_136' title='bbox 489 2421 733 2506; x_wconf 76' lang='lat' dir='ltr'><strong>Siculusque</strong></span> <span class='ocrx_word' id='word_1_137' title='bbox 755 2422 920 2500; x_wconf 77' lang='lat' dir='ltr'><strong>senea¹)‚</strong></span> <span class='ocrx_word' id='word_1_138' title='bbox 945 2443 1008 2504; x_wconf 88' lang='lat' dir='ltr'><strong>qua</strong></span> <span class='ocrx_word' id='word_1_139' title='bbox 1032 2422 1093 2504; x_wconf 83' lang='lat' dir='ltr'><strong>teqe</strong></span> <span class='ocrx_word' id='word_1_140' title='bbox 1115 2429 1257 2485; x_wconf 86' lang='lat' dir='ltr'><strong>recurrat</strong></span> 
     </span>
     <span class='ocr_line' id='line_1_19' title="bbox 263 2527 1235 2613; baseline 0.002 -24"><span class='ocrx_word' id='word_1_141' title='bbox 263 2527 511 2590; x_wconf 80' lang='lat' dir='ltr'><strong>Pindaricae</strong></span> <span class='ocrx_word' id='word_1_142' title='bbox 534 2550 591 2591; x_wconf 80' lang='lat' dir='ltr'><strong>ron</strong></span> <span class='ocrx_word' id='word_1_143' title='bbox 611 2529 694 2610; x_wconf 77' lang='lat' dir='ltr'><strong>fleca</strong></span> <span class='ocrx_word' id='word_1_144' title='bbox 718 2529 831 2612; x_wconf 81' lang='lat' dir='ltr'><strong>tqroe</strong></span> <span class='ocrx_word' id='word_1_145' title='bbox 853 2528 1071 2612; x_wconf 83' lang='lat' dir='ltr'><strong>uolucrmnque</strong></span> <span class='ocrx_word' id='word_1_146' title='bbox 1088 2535 1235 2613; x_wconf 80' lang='lat' dir='ltr'><strong>precator</strong></span> 
     </span>
     <span class='ocr_line' id='line_1_20' title="bbox 262 2634 1121 2719; baseline 0.002 -24"><span class='ocrx_word' id='word_1_147' title='bbox 262 2635 286 2696; x_wconf 92' lang='lat' dir='ltr'><em>I</em></span> <span class='ocrx_word' id='word_1_148' title='bbox 289 2634 406 2718; x_wconf 83' lang='lat' dir='ltr'><strong>chns</strong></span> <span class='ocrx_word' id='word_1_149' title='bbox 430 2643 456 2698; x_wconf 89' lang='lat' dir='ltr'><strong>et</strong></span> <span class='ocrx_word' id='word_1_150' title='bbox 479 2637 593 2698; x_wconf 79' lang='lat' dir='ltr'><strong>tetricis</strong></span> <span class='ocrx_word' id='word_1_151' title='bbox 617 2637 783 2698; x_wconf 73' lang='lat' dir='ltr'><strong>Alcman</strong></span> <span class='ocrx_word' id='word_1_152' title='bbox 815 2642 958 2698; x_wconf 83' lang='lat' dir='ltr'><strong>cantatus</strong></span> <span class='ocrx_word' id='word_1_153' title='bbox 982 2637 1121 2719; x_wconf 79' lang='lat' dir='ltr'><strong>Arnqctr&#39;s</strong></span> 
     </span>
     <span class='ocr_line' id='line_1_21' title="bbox 263 2741 1173 2826; baseline 0.002 -24"><span class='ocrx_word' id='word_1_154' title='bbox 263 2741 592 2826; x_wconf 76' lang='lat' dir='ltr'><strong>Stesichorusque</strong></span> <span class='ocrx_word' id='word_1_155' title='bbox 611 2742 703 2822; x_wconf 77' lang='lat' dir='ltr'><strong>feren</strong></span> <span class='ocrx_word' id='word_1_156' title='bbox 725 2743 884 2826; x_wconf 79' lang='lat' dir='ltr'><strong>saltusque</strong></span> <span class='ocrx_word' id='word_1_157' title='bbox 907 2744 1046 2826; x_wconf 83' lang='lat' dir='ltr'><strong>inqrcssu</strong></span> <span class='ocrx_word' id='word_1_158' title='bbox 1070 2743 1173 2804; x_wconf 80' lang='lat' dir='ltr'><strong>uiriles</strong></span> 
     </span>
     <span class='ocr_line' id='line_1_22' title="bbox 261 2847 1059 2931; baseline 0 -21"><span class='ocrx_word' id='word_1_159' title='bbox 261 2870 324 2911; x_wconf 91' lang='lat' dir='ltr'><strong>non</strong></span> <span class='ocrx_word' id='word_1_160' title='bbox 343 2847 519 2930; x_wconf 79' lang='lat' dir='ltr'><strong>forrnidata</strong></span> <span class='ocrx_word' id='word_1_161' title='bbox 541 2850 704 2912; x_wconf 83' lang='lat' dir='ltr'><strong>temeraria</strong></span> <span class='ocrx_word' id='word_1_162' title='bbox 731 2848 876 2911; x_wconf 69' lang='lat' dir='ltr'><strong>Chalcide</strong></span> <span class='ocrx_word' id='word_1_163' title='bbox 899 2849 1059 2931; x_wconf 79' lang='lat' dir='ltr'><strong>Sappho</strong></span> 
     </span>
     <span class='ocr_line' id='line_1_23' title="bbox 263 2953 1280 3039; baseline 0.002 -23"><span class='ocrx_word' id='word_1_164' title='bbox 263 2976 396 3038; x_wconf 87' lang='lat' dir='ltr'><strong>quosque</strong></span> <span class='ocrx_word' id='word_1_165' title='bbox 419 2956 498 3018; x_wconf 81' lang='lat' dir='ltr'><strong>ulios</strong></span> <span class='ocrx_word' id='word_1_166' title='bbox 521 2956 651 3038; x_wconf 82' lang='lat' dir='ltr'><strong>diqnatn</strong></span> <span class='ocrx_word' id='word_1_167' title='bbox 675 2956 781 3039; x_wconf 79' lang='lat' dir='ltr'><strong>ebciqs.</strong></span> <span class='ocrx_word' id='word_1_168' title='bbox 806 2961 840 3017; x_wconf 90' lang='lat' dir='ltr'><strong>tn</strong></span> <span class='ocrx_word' id='word_1_169' title='bbox 862 2955 1000 3037; x_wconf 85' lang='lat' dir='ltr'><strong>pandere</strong></span> <span class='ocrx_word' id='word_1_170' title='bbox 1023 2955 1130 3017; x_wconf 81' lang='lat' dir='ltr'><strong>doctus</strong></span> <span class='ocrx_word' id='word_1_171' title='bbox 1153 2953 1208 3034; x_wconf 93' lang='lat' dir='ltr'><strong>(sc.</strong></span> <span class='ocrx_word' id='word_1_172' title='bbox 1233 2955 1280 3036; x_wconf 81' lang='lat' dir='ltr'><strong>cs)</strong></span> 
     </span>
     <span class='ocr_line' id='line_1_24' title="bbox 262 3059 1226 3146; baseline 0.001 -24"><span class='ocrx_word' id='word_1_173' title='bbox 262 3063 404 3124; x_wconf 79' lang='lat' dir='ltr'><strong>camnine</strong></span> <span class='ocrx_word' id='word_1_174' title='bbox 429 3059 634 3125; x_wconf 84' lang='lat' dir='ltr'><strong>Battiadae</strong></span> <span class='ocrx_word' id='word_1_175' title='bbox 664 3061 858 3146; x_wconf 77' lang='lat' dir='ltr'><strong>latebrasque</strong></span> <span class='ocrx_word' id='word_1_176' title='bbox 882 3061 1139 3145; x_wconf 76' lang='lat' dir='ltr'><strong>Lycophronis</strong></span> <span class='ocrx_word' id='word_1_177' title='bbox 1163 3063 1226 3124; x_wconf 89' lang='lat' dir='ltr'><strong>atri</strong></span> 
     </span>
     <span class='ocr_line' id='line_1_25' title="bbox 263 3167 1348 3252; baseline 0 -22"><span class='ocrx_word' id='word_1_178' title='bbox 263 3167 548 3252; x_wconf 77' lang='lat' dir='ltr'><strong>Sophronaque</strong></span> <span class='ocrx_word' id='word_1_179' title='bbox 571 3169 753 3251; x_wconf 84' lang='lat' dir='ltr'><strong>implicitum</strong></span> <span class='ocrx_word' id='word_1_180' title='bbox 777 3169 936 3252; x_wconf 82' lang='lat' dir='ltr'><strong>tenuisque</strong></span> <span class='ocrx_word' id='word_1_181' title='bbox 959 3189 1080 3231; x_wconf 86' lang='lat' dir='ltr'><strong>arcuna</strong></span> <span class='ocrx_word' id='word_1_182' title='bbox 1105 3167 1225 3230; x_wconf 79' lang='lat' dir='ltr'><strong>Corin</strong></span> <span class='ocrx_word' id='word_1_183' title='bbox 1237 3167 1348 3248; x_wconf 57' lang='lat' dir='ltr'><strong>nnat)</strong></span> 
     </span>
    </p>
   </div>
   <div class='ocr_carea' id='block_1_4' title="bbox 216 3290 1386 3588">
    <p class='ocr_par' dir='ltr' id='par_1_4' title="bbox 216 3290 1386 3588">
     <span class='ocr_line' id='line_1_26' title="bbox 285 3290 1385 3375; baseline 0.005 -26"><span class='ocrx_word' id='word_1_184' title='bbox 285 3291 386 3366; x_wconf 73' lang='lat' dir='ltr'><strong>Quam</strong></span> <span class='ocrx_word' id='word_1_185' title='bbox 410 3314 512 3371; x_wconf 87' lang='lat' dir='ltr'><strong>pauca</strong></span> <span class='ocrx_word' id='word_1_186' title='bbox 536 3315 574 3356; x_wconf 87' lang='lat' dir='ltr'><strong>cx</strong></span> <span class='ocrx_word' id='word_1_187' title='bbox 598 3293 658 3355; x_wconf 93' lang='lat' dir='ltr'><strong>hac</strong></span> <span class='ocrx_word' id='word_1_188' title='bbox 682 3293 774 3372; x_wconf 90' lang='lat' dir='ltr'><strong>copia</strong></span> <span class='ocrx_word' id='word_1_189' title='bbox 798 3293 837 3355; x_wconf 88' lang='lat' dir='ltr'><strong>ad</strong></span> <span class='ocrx_word' id='word_1_190' title='bbox 861 3314 920 3355; x_wconf 92' lang='lat' dir='ltr'><strong>nos</strong></span> <span class='ocrx_word' id='word_1_191' title='bbox 944 3297 1125 3375; x_wconf 87' lang='lat' dir='ltr'><strong>propagata</strong></span> <span class='ocrx_word' id='word_1_192' title='bbox 1148 3295 1240 3355; x_wconf 85' lang='lat' dir='ltr'><strong>sunt!</strong></span> <span class='ocrx_word' id='word_1_193' title='bbox 1290 3290 1385 3354; x_wconf 86' lang='lat' dir='ltr'><strong>Simi-</strong></span> 
     </span>
     <span class='ocr_line' id='line_1_27' title="bbox 216 3391 1385 3483; baseline 0.002 -23"><span class='ocrx_word' id='word_1_194' title='bbox 216 3397 290 3461; x_wconf 84' lang='lat' dir='ltr'><strong>liter</strong></span> <span class='ocrx_word' id='word_1_195' title='bbox 314 3420 380 3461; x_wconf 91' lang='lat' dir='ltr'><strong>rem</strong></span> <span class='ocrx_word' id='word_1_196' title='bbox 405 3398 443 3461; x_wconf 97' lang='grc'><strong>(16</strong></span> <span class='ocrx_word' id='word_1_197' title='bbox 466 3398 599 3483; x_wconf 81' lang='lat' dir='ltr'><strong>tragicis</strong></span> <span class='ocrx_word' id='word_1_198' title='bbox 623 3422 655 3462; x_wconf 91' lang='lat' dir='ltr'><strong>se</strong></span> <span class='ocrx_word' id='word_1_199' title='bbox 680 3398 798 3462; x_wconf 84' lang='lat' dir='ltr'><strong>habere</strong></span> <span class='ocrx_word' id='word_1_200' title='bbox 817 3399 922 3479; x_wconf 91' lang='lat' dir='ltr'><strong>poetis</strong></span> <span class='ocrx_word' id='word_1_201' title='bbox 937 3398 1033 3462; x_wconf 86' lang='lat' dir='ltr'><strong>facile</strong></span> <span class='ocrx_word' id='word_1_202' title='bbox 1048 3397 1228 3478; x_wconf 88' lang='lat' dir='ltr'><strong>suspiceris.</strong></span> <span class='ocrx_word' id='word_1_203' title='bbox 1267 3391 1385 3473; x_wconf 60' lang='lat' dir='ltr'><strong>Quamss</strong></span> 
     </span>
     <span class='ocr_line' id='line_1_28' title="bbox 217 3503 1386 3588; baseline 0 -20"><span class='ocrx_word' id='word_1_204' title='bbox 217 3526 312 3587; x_wconf 86' lang='lat' dir='ltr'><strong>quam</strong></span> <span class='ocrx_word' id='word_1_205' title='bbox 343 3504 519 3586; x_wconf 91' lang='lat' dir='ltr'><strong>priscorum</strong></span> <span class='ocrx_word' id='word_1_206' title='bbox 551 3509 717 3586; x_wconf 90' lang='lat' dir='ltr'><strong>poetarum</strong></span> <span class='ocrx_word' id='word_1_207' title='bbox 750 3505 966 3569; x_wconf 87' lang='lat' dir='ltr'><strong>Romanorum</strong></span> <span class='ocrx_word' id='word_1_208' title='bbox 999 3503 1185 3588; x_wconf 87' lang='lat' dir='ltr'><strong>tragoediae</strong></span> <span class='ocrx_word' id='word_1_209' title='bbox 1216 3503 1386 3568; x_wconf 80' lang='lat' dir='ltr'><strong>eGraecis</strong></span> 
     </span>
    </p>
   </div>
   <div class='ocr_carea' id='block_1_5' title="bbox 216 3649 428 3656">
    <p class='ocr_par' dir='ltr' id='par_1_5' title="bbox 216 3649 428 3656">
     <span class='ocr_line' id='line_1_29' title="bbox 216 3649 428 3656; baseline 0.009 -2"><span class='ocrx_word' id='word_1_210' title='bbox 216 3649 428 3656; x_wconf 42' lang='lat' dir='ltr'><strong>——Q—</strong></span> 
     </span>
    </p>
   </div>
   <div class='ocr_carea' id='block_1_6' title="bbox 216 3715 1386 4412">
    <p class='ocr_par' dir='ltr' id='par_1_6' title="bbox 216 3715 1386 4052">
     <span class='ocr_line' id='line_1_30' title="bbox 292 3715 1386 3788; baseline 0 -16"><span class='ocrx_word' id='word_1_211' title='bbox 292 3715 308 3782; x_wconf 85' lang='lat'><strong>¹)</strong></span> <span class='ocrx_word' id='word_1_212' title='bbox 329 3717 395 3780; x_wconf 80' lang='lat' dir='ltr'><strong>Quis</strong></span> <span class='ocrx_word' id='word_1_213' title='bbox 423 3717 466 3772; x_wconf 88' lang='lat' dir='ltr'><strong>his</strong></span> <span class='ocrx_word' id='word_1_214' title='bbox 487 3719 577 3773; x_wconf 89' lang='lat' dir='ltr'><strong>verbis</strong></span> <span class='ocrx_word' id='word_1_215' title='bbox 606 3717 780 3788; x_wconf 86' lang='lat' dir='ltr'><strong>significetur</strong></span> <span class='ocrx_word' id='word_1_216' title='bbox 810 3737 828 3772; x_wconf 86' lang='lat' dir='ltr'><strong>a</strong></span> <span class='ocrx_word' id='word_1_217' title='bbox 854 3722 939 3786; x_wconf 83' lang='lat' dir='ltr'><strong>poeta</strong></span> <span class='ocrx_word' id='word_1_218' title='bbox 967 3736 1016 3786; x_wconf 87' lang='lat' dir='ltr'><strong>pro</strong></span> <span class='ocrx_word' id='word_1_219' title='bbox 1037 3722 1113 3772; x_wconf 93' lang='lat' dir='ltr'><strong>certo</strong></span> <span class='ocrx_word' id='word_1_220' title='bbox 1133 3716 1263 3772; x_wconf 69' lang='lat' dir='ltr'><strong>dici‘non</strong></span> <span class='ocrx_word' id='word_1_221' title='bbox 1284 3721 1386 3784; x_wconf 88' lang='lat' dir='ltr'><strong>potest.</strong></span> 
     </span>
     <span class='ocr_line' id='line_1_31' title="bbox 217 3806 1386 3875; baseline 0 -15"><span class='ocrx_word' id='word_1_222' title='bbox 217 3807 473 3875; x_wconf 82' lang='lat' dir='ltr'><strong>Epicharmnm</strong></span> <span class='ocrx_word' id='word_1_223' title='bbox 502 3807 838 3874; x_wconf 75' lang='lat' dir='ltr'><strong>intellegitVoltmeruS,</strong></span> <span class='ocrx_word' id='word_1_224' title='bbox 867 3807 1120 3873; x_wconf 84' lang='lat' dir='ltr'><strong>Theognidem</strong></span> <span class='ocrx_word' id='word_1_225' title='bbox 1149 3806 1386 3861; x_wconf 84' lang='lat' dir='ltr'><strong>Reitzensteinius</strong></span> 
     </span>
     <span class='ocr_line' id='line_1_32' title="bbox 216 3893 1385 3963; baseline -0.003 -12"><span class='ocrx_word' id='word_1_226' title='bbox 216 3897 260 3958; x_wconf 84' lang='lat' dir='ltr'><strong>(cf.</strong></span> <span class='ocrx_word' id='word_1_227' title='bbox 273 3896 406 3959; x_wconf 86' lang='lat' dir='ltr'><strong>Vollmer,</strong></span> <span class='ocrx_word' id='word_1_228' title='bbox 426 3895 487 3950; x_wconf 84' lang='lat' dir='ltr'><strong>silv.</strong></span> <span class='ocrx_word' id='word_1_229' title='bbox 501 3896 617 3950; x_wconf 89' lang='lat' dir='ltr'><strong>edition.</strong></span> <span class='ocrx_word' id='word_1_230' title='bbox 638 3915 701 3963; x_wconf 85' lang='lat' dir='ltr'><strong>pag.</strong></span> <span class='ocrx_word' id='word_1_231' title='bbox 723 3895 792 3959; x_wconf 81' lang='lat'><strong>538),</strong></span> <span class='ocrx_word' id='word_1_232' title='bbox 812 3895 1053 3949; x_wconf 85' lang='lat' dir='ltr'><strong>Theocritum</strong></span> <span class='ocrx_word' id='word_1_233' title='bbox 1073 3893 1272 3950; x_wconf 84' lang='lat' dir='ltr'><strong>Friedlaender</strong></span> <span class='ocrx_word' id='word_1_234' title='bbox 1284 3895 1385 3956; x_wconf 81' lang='lat' dir='ltr'><strong>(Darst.</strong></span> 
     </span>
     <span class='ocr_line' id='line_1_33' title="bbox 217 3983 991 4052; baseline -0.003 -13"><span class='ocrx_word' id='word_1_235' title='bbox 217 4003 266 4039; x_wconf 88' lang='lat' dir='ltr'><strong>aus</strong></span> <span class='ocrx_word' id='word_1_236' title='bbox 285 3986 334 4040; x_wconf 89' lang='lat' dir='ltr'><strong>der</strong></span> <span class='ocrx_word' id='word_1_237' title='bbox 351 3983 606 4052; x_wconf 83' lang='lat' dir='ltr'><strong>Sittengeschichte</strong></span> <span class='ocrx_word' id='word_1_238' title='bbox 626 3985 710 4040; x_wconf 85' lang='lat' dir='ltr'><strong>Roms</strong></span> <span class='ocrx_word' id='word_1_239' title='bbox 731 3986 770 4038; x_wconf 88' lang='grc'><strong>111</strong></span> <span class='ocrx_word' id='word_1_240' title='bbox 790 3986 815 4048; x_wconf 89' lang='grc'><strong>6,</strong></span> <span class='ocrx_word' id='word_1_241' title='bbox 837 4003 900 4052; x_wconf 84' lang='lat' dir='ltr'><strong>pag.</strong></span> <span class='ocrx_word' id='word_1_242' title='bbox 916 3984 991 4045; x_wconf 74' lang='lat'><strong>378).</strong></span> 
     </span>
    </p>

    <p class='ocr_par' dir='ltr' id='par_1_7' title="bbox 217 4071 1385 4412">
     <span class='ocr_line' id='line_1_34' title="bbox 291 4071 1384 4142; baseline -0.002 -14"><span class='ocrx_word' id='word_1_243' title='bbox 291 4071 308 4134; x_wconf 84' lang='lat'><strong>¹)</strong></span> <span class='ocrx_word' id='word_1_244' title='bbox 327 4075 362 4128; x_wconf 89' lang='grc'><strong>(16</strong></span> <span class='ocrx_word' id='word_1_245' title='bbox 381 4074 519 4128; x_wconf 81' lang='lat' dir='ltr'><strong>Corinnae</strong></span> <span class='ocrx_word' id='word_1_246' title='bbox 538 4077 633 4129; x_wconf 84' lang='lat' dir='ltr'><strong>statua</strong></span> <span class='ocrx_word' id='word_1_247' title='bbox 653 4075 687 4128; x_wconf 87' lang='lat' dir='ltr'><strong>cf.</strong></span> <span class='ocrx_word' id='word_1_248' title='bbox 707 4073 841 4138; x_wconf 88' lang='lat' dir='ltr'><strong>Reinaclr‚</strong></span> <span class='ocrx_word' id='word_1_249' title='bbox 859 4073 955 4128; x_wconf 78' lang='lat' dir='ltr'><strong>Revue</strong></span> <span class='ocrx_word' id='word_1_250' title='bbox 973 4072 1189 4142; x_wconf 73' lang='lat' dir='ltr'><strong>archdologique</strong></span> <span class='ocrx_word' id='word_1_251' title='bbox 1209 4073 1384 4139; x_wconf 81' lang='lat' dir='ltr'><strong>votXXXIt,</strong></span> 
     </span>
     <span class='ocr_line' id='line_1_35' title="bbox 217 4161 1385 4230; baseline -0.002 -12"><span class='ocrx_word' id='word_1_252' title='bbox 217 4165 274 4219; x_wconf 83' lang='lat' dir='ltr'><strong>tab.</strong></span> <span class='ocrx_word' id='word_1_253' title='bbox 294 4163 327 4226; x_wconf 84' lang='lat' dir='ltr'><strong>V,</strong></span> <span class='ocrx_word' id='word_1_254' title='bbox 348 4165 376 4218; x_wconf 85' lang='lat' dir='ltr'><strong>et</strong></span> <span class='ocrx_word' id='word_1_255' title='bbox 396 4180 467 4230; x_wconf 86' lang='lat' dir='ltr'><strong>quae</strong></span> <span class='ocrx_word' id='word_1_256' title='bbox 486 4164 520 4218; x_wconf 87' lang='lat' dir='ltr'><strong>de</strong></span> <span class='ocrx_word' id='word_1_257' title='bbox 540 4181 574 4218; x_wconf 85' lang='lat' dir='ltr'><strong>ea</strong></span> <span class='ocrx_word' id='word_1_258' title='bbox 594 4162 726 4218; x_wconf 90' lang='lat' dir='ltr'><strong>disseruit</strong></span> <span class='ocrx_word' id='word_1_259' title='bbox 747 4183 770 4218; x_wconf 88' lang='lat' dir='ltr'><strong>v.</strong></span> <span class='ocrx_word' id='word_1_260' title='bbox 791 4164 816 4218; x_wconf 91' lang='lat' dir='ltr'><strong>d.</strong></span> <span class='ocrx_word' id='word_1_261' title='bbox 837 4164 886 4217; x_wconf 84' lang='lat' dir='ltr'><strong>Th.</strong></span> <span class='ocrx_word' id='word_1_262' title='bbox 908 4163 976 4228; x_wconf 87' lang='lat' dir='ltr'><strong>Birt,</strong></span> <span class='ocrx_word' id='word_1_263' title='bbox 1004 4163 1142 4230; x_wconf 84' lang='lat' dir='ltr'><strong>magister</strong></span> <span class='ocrx_word' id='word_1_264' title='bbox 1159 4179 1246 4225; x_wconf 90' lang='lat' dir='ltr'><strong>meus,</strong></span> <span class='ocrx_word' id='word_1_265' title='bbox 1265 4161 1293 4216; x_wconf 94' lang='lat' dir='ltr'><strong>in</strong></span> <span class='ocrx_word' id='word_1_266' title='bbox 1313 4164 1385 4216; x_wconf 75' lang='lat' dir='ltr'><strong>libro</strong></span> 
     </span>
     <span class='ocr_line' id='line_1_36' title="bbox 218 4248 1384 4321; baseline -0.003 -15"><span class='ocrx_word' id='word_1_267' title='bbox 218 4271 306 4320; x_wconf 89' lang='lat' dir='ltr'><strong>nuper</strong></span> <span class='ocrx_word' id='word_1_268' title='bbox 333 4253 409 4307; x_wconf 88' lang='lat' dir='ltr'><strong>edito</strong></span> <span class='ocrx_word' id='word_1_269' title='bbox 439 4252 487 4321; x_wconf 88' lang='lat' dir='ltr'><strong>qui</strong></span> <span class='ocrx_word' id='word_1_270' title='bbox 516 4253 679 4308; x_wconf 87' lang='lat' dir='ltr'><strong>inscribitur</strong></span> <span class='ocrx_word' id='word_1_271' title='bbox 705 4253 771 4320; x_wconf 74' lang='lat' dir='ltr'><strong>„nie</strong></span> <span class='ocrx_word' id='word_1_272' title='bbox 791 4252 937 4307; x_wconf 87' lang='lat' dir='ltr'><strong>Buchrolte</strong></span> <span class='ocrx_word' id='word_1_273' title='bbox 957 4253 985 4306; x_wconf 90' lang='lat' dir='ltr'><strong>in</strong></span> <span class='ocrx_word' id='word_1_274' title='bbox 1006 4252 1055 4306; x_wconf 83' lang='lat' dir='ltr'><strong>der</strong></span> <span class='ocrx_word' id='word_1_275' title='bbox 1074 4248 1191 4314; x_wconf 79' lang='lat' dir='ltr'><strong>Kunst‘‚</strong></span> <span class='ocrx_word' id='word_1_276' title='bbox 1220 4252 1292 4319; x_wconf 84' lang='lat' dir='ltr'><strong>Lips.</strong></span> <span class='ocrx_word' id='word_1_277' title='bbox 1308 4253 1384 4316; x_wconf 81' lang='lat'>1907,</span> 
     </span>
     <span class='ocr_line' id='line_1_37' title="bbox 217 4341 428 4412; baseline -0.005 -16"><span class='ocrx_word' id='word_1_278' title='bbox 217 4361 280 4412; x_wconf 82' lang='lat' dir='ltr'><strong>pag.</strong></span> <span class='ocrx_word' id='word_1_279' title='bbox 303 4341 353 4398; x_wconf 88' lang='grc'><strong>160</strong></span> <span class='ocrx_word' id='word_1_280' title='bbox 372 4359 428 4411; x_wconf 87' lang='lat' dir='ltr'><strong>seq.</strong></span> 
     </span>
    </p>
   </div>
   <div class='ocr_carea' id='block_1_7' title="bbox 1196 4448 1224 4503">
    <p class='ocr_par' dir='ltr' id='par_1_8' title="bbox 1196 4448 1224 4503">
     <span class='ocr_line' id='line_1_38' title="bbox 1196 4448 1224 4503; baseline 0 -25"><span class='ocrx_word' id='word_1_281' title='bbox 1196 4448 1224 4503; x_wconf 72' lang='lat'><strong>1.</strong></span> 
     </span>
    </p>
   </div>
   <div class='ocr_carea' id='block_1_8' title="bbox 0 0 1650 5034">
    <p class='ocr_par' dir='ltr' id='par_1_9' title="bbox 0 0 1650 5034">
     <span class='ocr_line' id='line_1_39' title="bbox 0 0 1650 5034; baseline 0 0"><span class='ocrx_word' id='word_1_282' title='bbox 0 0 1650 5034; x_wconf 95' lang='lat' dir='ltr'><strong> </strong></span> 
     </span>
    </p>
   </div>
  </div>
 </body>
</html>
