3292 5034
682 471 900 536 ..41-

206 667 261 751 qui
278 666 340 730 toti
356 667 468 750 mytho
492 666 639 748 exposito
660 666 764 733 addit:
789 670 809 755 ἡ
826 669 957 750 ἱστορία
973 666 1063 748 παρὰ
1080 676 1151 745 τοῖς
1165 663 1378 743 κυκλικοϊς.

207 775 254 839 De
278 773 402 859 origine
426 773 555 838 fabulae
579 773 780 858 Gruppius1)
807 780 917 840 censet
940 798 1008 840 eam
1034 773 1244 854 compositam
1269 794 1379 836 essen

206 887 302 963 poeta
321 881 457 964 quodam
479 881 603 946 scenico
628 881 682 961 ita,
702 888 738 947 ut
755 883 833 947 duas
856 883 984 947 fabulas
1007 880 1219 958 coniunxerit,
1242 902 1377 963 quarum

207 990 309 1053 alteru
333 989 371 1052 cd
396 987 557 1052 Bacchum
581 989 614 1052 in
638 990 744 1054 insula
768 988 869 1073 Scyro
894 990 1015 1054 cultum
1041 987 1246 1070 pertinuerit,
1277 986 1379 1050 altera

208 1097 247 1160 ad
271 1094 521 1176 Neoptolemum
548 1097 589 1160 ab
613 1095 709 1162 Ulixe
733 1095 832 1180 Scyro
856 1097 1046 1173 abductum
1074 1094 1278 1158 verisimilius
1301 1092 1379 1156 mihi

208 1202 335 1287 quidem
352 1201 479 1266 videtur
495 1225 571 1281 esse,
588 1205 673 1287 quod
689 1203 852 1268 Rohertus
869 1202 1001 1284 exponit
1011 1201 1038 1282 ⁹)
1055 1204 1131 1268 hoc:
1152 1202 1235 1281 ,Der
1246 1201 1379 1284 Mythus

206 1332 268 1374 von
294 1308 403 1373 Achill
427 1316 522 1374 unter
545 1312 605 1375 den
630 1311 793 1376 Thchtern
817 1312 872 1375 des
887 1309 1088 1394 Lykomedes
1113 1309 1269 1373 verdankt
1292 1307 1378 1372 scine

207 1417 415 1502 Entstehung
438 1419 509 1482 dem
525 1418 852 1500 Lolralpatriotismus
875 1419 930 1483 der
951 1416 1199 1501 lnselgriechen,
1223 1415 1379 1480 aunachst

207 1526 262 1589 der
286 1523 425 1608 Shyrier,
456 1525 595 1589 welcher
625 1525 694 1589 sich
725 1547 830 1610 gegen
855 1525 905 1589 die
930 1509 1180 1608 llberlieferung
1203 1546 1266 1588 von
1291 1522 1379 1586 einer

206 1631 401 1696 feindlichen
426 1632 619 1717 Eroherung
646 1634 701 1696 der
725 1631 810 1696 lnsel
835 1633 933 1697 durch
959 1631 1139 1710 Achilleus,
1172 1630 1231 1694 wie
1254 1628 1299 1693 sie
1323 1630 1379 1692 das

208 1738 295 1820 Epos
318 1739 448 1817 kannte,
480 1739 658 1820 auflehnte,
691 1739 867 1804 anderseits
891 1740 968 1804 aher
991 1762 1045 1803 um
1069 1739 1124 1803 des
1147 1737 1379 1819 Neoptolemos

208 1845 315 1909 willen
345 1846 405 1910 den
439 1845 632 1911 Aufenthalt
662 1848 717 1911 des
741 1846 910 1911 Achilleus
941 1847 999 1911 auf
1020 1845 1142 1931 Skyros
1176 1844 1379 1910 heihehalten

207 1953 271 2016 und
296 1975 356 2016 nur
381 1954 495 2017 anders
519 1953 706 2018 motivieren
732 1955 869 2020 muhte.“

275 2060 482 2143 Quocumque
508 2065 653 2142 tempore
677 2067 708 2126 et
732 2085 933 2147 quacumque
957 2061 1082 2126 ratione
1106 2061 1247 2125 fabulam
1274 2063 1378 2123 ortam

208 2188 275 2231 esse
299 2171 459 2248 putamus,
483 2172 611 2232 constat
627 2168 689 2231 iam
707 2168 986 2254 Polygnotum
1007 2169 1076 2253 (qui
1093 2192 1177 2234 anno
1194 2189 1220 2233 a.
1232 2167 1302 2233 Cn.
1314 2167 1379 2231 474

209 2275 354 2338 Athenas
388 2273 488 2356 venit)
526 2279 626 2338 totam
658 2276 801 2340 fabulam
833 2276 1014 2358 depinxisse
1045 2282 1127 2340 teste
1158 2274 1380 2351 Pausania,

207 2382 262 2466 qui
294 2380 405 2447 lihr.l
439 2404 506 2462 cap.
532 2385 582 2463 22,
608 2385 626 2446 6
660 2383 759 2447 tradit
793 2383 887 2450 haec:
923 2379 963 2445 εὖ
985 2382 1025 2445 de
1045 2403 1104 2462 μοι
1134 2384 1288 2464 φαίνεται
1322 2380 1379 2463 (sc.

209 2489 382 2570 Homerus)
421 2498 556 2574 ποιῆσαι
590 2489 724 2571 Σκῦρον
763 2489 827 2552 ὑπὸ
861 2487 1040 2576 Ἀχιλλέως
1074 2489 1241 2560 ἁλοῦσαν,
1279 2486 1379 2549 οὐὸἐν

208 2596 336 2677 ὁμοίως
358 2597 413 2657 nol
429 2595 504 2658 ὅσοι
519 2595 679 2678 λέγουσιν
702 2596 808 2675 ὁμοῦ
832 2609 904 2677 ταῖς
927 2595 1163 2680 παρθένοις
1186 2593 1379 2683 Ἀχιλλέα

208 2703 318 2791 ἔχειν
342 2703 384 2765 ἒν
407 2703 545 2785 Σκύρῳ
570 2702 737 2775 δίαιταν,
763 2705 784 2765 ἃ
802 2703 843 2790 ὀὴ
862 2705 917 2765 καὶ
933 2702 1203 2788 Πολύγνωτος
1218 2703 1379 2786 ἔγραφεν.

208 2811 257 2874 Ex
274 2812 335 2876 hac
355 2811 525 2895 Polygnoti
542 2811 669 2892 pictura
686 2812 892 2876 celeberrima
911 2834 1021 2876 omnes
1038 2812 1091 2895 qui
1108 2816 1221 2892 postea
1237 2809 1378 2874 fabulam

208 2923 442 2999 tractaverunt,
473 2918 564 3004 quasi
593 2919 683 2983 fonte
707 2918 855 2983 videntur
879 2918 1038 2997 hausisse,
1069 2917 1239 2999 praecipue
1263 2914 1379 3001 tragici

208 3031 338 3108 poetae,
371 3028 460 3091 uelut
491 3026 714 3108 Euripides
746 3025 779 3090 in
813 3025 1027 3110 ,Scyriis“⁸);
1063 3025 1177 3090 deinde
1209 3046 1260 3088 res
1279 3021 1380 3086 'varie

208 3134 369 3216 descripta
394 3140 442 3198 est
466 3159 484 3197 a
508 3133 612 3216 poetis
637 3133 872 3213 Alexandrinis,
896 3133 952 3217 qui
976 3134 1055 3198 talia
1078 3133 1111 3197 in
1136 3131 1259 3197 deliciis
1282 3131 1380 3195 hahe-

210 3243 297 3316 bant,
313 3241 408 3325 quale
421 3242 460 3304 ad
474 3263 532 3305 nos
550 3240 637 3304 venit
653 3240 797 3304 Bionis
817 3239 1077 3325 fragmentum.⁴)
1100 3239 1209 3304 Poetis
1226 3237 1380 3302 Romanis

208 3349 319 3413 fabula
336 3349 519 3414 notissima:
542 3348 729 3413 Horatius
746 3370 815 3412 eam
832 3347 980 3433 tangis),
1004 3347 1166 3411 Ovidius
1182 3345 1379 3430 tragoediam

284 3613 301 3680 ’λ
321 3617 430 3672 Griech.
451 3615 626 3684 Mythologie
645 3633 710 3684 pag.
729 3617 779 3670 667
792 3612 808 3669 ¹.

284 3702 301 3770 'J
320 3707 382 3760 Bild
402 3707 458 3760 und
478 3704 546 3760 Lied
564 3723 629 3774 pag.
649 3705 692 3759 34.

284 3792 301 3857 ⁸)
320 3797 350 3849 Τ.
365 3795 396 3851 G.
412 3790 456 3849 F!
470 3795 626 3858 682-686;
647 3793 842 3861 cognominem
863 3795 1044 3863 Sophoclis
1063 3792 1240 3860 tragoediam
1258 3790 1381 3856 (Σκύριοι

209 3887 315 3950 Nunclr,
329 3887 359 3940 T.
372 3885 403 3939 G.
415 3880 459 3938 h·
470 3885 622 3947 496-505)
641 3885 677 3938 ad
695 3884 911 3951 Neoptolemum
932 3884 1017 3946 Scyro
1037 3884 1189 3938 abductum
1210 3879 1380 3950 spectavisse

209 3979 273 4046 post
298 3973 583 4043 Tyrrwhittium
612 3974 658 4035 (ad
684 3971 802 4027 Aristot.
820 3973 923 4041 poetic.
951 3990 1015 4041 pag.
1037 3972 1096 4035 191)
1124 3975 1154 4026 et
1181 3972 1379 4026 Robertum

209 4065 280 4127 (Bild
294 4066 351 4119 und
365 4064 432 4119 hied
446 4081 509 4132 pag.
519 4064 562 4126 34)
575 4080 662 4132 nuper
675 4063 882 4117 demonstravit
894 4062 941 4116 En
951 4062 1044 4129 gelm
1054 4079 1124 4116 ann
1136 4059 1382 4128 (Archtologische

210 4153 327 4209 Studien
347 4173 379 4208 zu
400 4154 453 4207 den
472 4152 637 4221 Tragikern,
657 4151 751 4206 Berlin
772 4152 850 4215 1900,
869 4171 895 4219 p.
915 4151 965 4214 36).

283 4239 302 4306 ⁴)
321 4242 400 4311 idyll.
419 4243 446 4295 ll
466 4243 508 4296 ed.
530 4243 686 4304 Hermann;
714 4242 748 4297 cf.
769 4239 1024 4309 Lycophronis
1044 4258 1114 4295 vers.
1134 4240 1186 4294 777
1206 4257 1281 4308 seqq.

284 4328 302 4396 ’λ
322 4350 406 4386 carm.
426 4332 438 4385 l
458 4332 482 4396 8,
505 4331 622 4394 13-16;
645 4333 670 4384 ll
690 4333 714 4396 5,
734 4331 766 4383 21
788 4348 864 4398 seqq.
