3292 5034
668 409 964 507 ‘mre-³

268 629 335 702 Iam
354 637 525 718 videamus,
549 661 630 722 quae
647 638 810 704 Statius
832 642 940 705 tradat
957 641 1084 704 dedolo
1102 640 1248 705 Thetidis
1265 642 1389 707 detecto
1398 633 1441 725 ¹3:
1532 712 1535 717 ,

268 745 443 825 Deidamia,
467 769 658 830 quamquam
685 747 844 811 Achillem
870 747 1016 834 virgineo
1043 748 1154 812 habitu
1180 749 1342 813 occultum
1365 772 1439 831 per-

266 853 372 934 spexit
404 853 508 934 primo
541 853 673 932 obtutu,
706 859 812 918 tamen
847 855 934 919 furta
968 854 1073 919 dulcia
1106 855 1230 936 aperire
1264 879 1328 920 non
1362 880 1439 921 ausa

267 959 405 1041 impetus
428 960 553 1024 iuvenis
577 983 684 1025 amore
708 961 850 1025 ardentis
873 961 997 1044 patItur
1021 967 1053 1025 et

426 1069 488 1131 iem
513 1070 637 1153 iuraque
660 1070 745 1132 dolos
768 1072 891 1154 operire
911 1076 1076 1153 parantem

426 1177 565 1259 cirpiaeo
589 1177 708 1240 Ieoitote
726 1177 811 1260 fopr't
829 1177 1031 1262 prohibetque
1050 1177 1195 1259 fotertss),

214 1309 215 1314 ¹
265 1283 365 1348 donee
392 1283 462 1364 ipsa
487 1281 518 1346 vi
543 1305 697 1365 oppressa
720 1283 823 1348 virum
856 1289 988 1365 experta
1012 1289 1073 1364 est,
1103 1308 1199 1368 quam
1223 1307 1287 1355 rem
1314 1284 1437 1349 Statius

265 1392 344 1455 bene
378 1390 531 1455 describit
563 1391 622 1454 hac
654 1392 721 1455 fere
754 1391 958 1458 inventione:
995 1391 1164 1475 Scyriades
1197 1396 1230 1456 et
1261 1396 1380 1456 matres
1405 1397 1437 1456 et

159 1496 161 1500 ’
263 1497 389 1578 puellae
413 1499 488 1562 dum
512 1497 675 1562 trieterica
699 1498 857 1562 Bacchica
881 1504 984 1584 agunt
1004 1499 1036 1562 in
1053 1499 1125 1564 Iuco
1143 1499 1272 1564 sublimi
1288 1504 1320 1563 et
1337 1499 1437 1584 orgiis

264 1605 637 1669 defessacsomnoviotae
648 1606 762 1683 iacent,
773 1605 1348 1688 Achilleshacopportunitatererum
1359 1629 1436 1669 usus

290 1701 302 1717 '¹
424 1721 450 1776 et
474 1714 570 1777 denso
595 1715 692 1776 nortis
713 1715 840 1795 parisos
863 1716 897 1776 ie
921 1713 1031 1776 umbro

423 1823 598 1905 tempestiuo
621 1823 687 1884 suis
710 1828 830 1903 torpere
852 1822 977 1884 silentio
997 1821 1096 1902 furtis

422 1930 459 1991 oc'
477 1932 641 2011 potetur
664 1927 799 2009 cotiass)
824 1935 851 1991 et
874 1936 934 1991 toto
952 1935 1075 2012 pectore
1098 1949 1182 1990 oeros

423 2036 560 2099 admovet
584 2036 759 2118 amplexos:
781 2035 860 2098 cidit
883 2035 993 2098 chores
1017 2037 1116 2097 oannis
1140 2033 1179 2097 ab
1203 2035 1265 2097 olto

422 2150 578 2207 astrorum
601 2149 627 2205 et
650 2149 771 2206 tenerae
793 2142 966 2205 redemerat
990 2163 1109 2205 corneo
1132 2140 1284 2222 boneef)

329 2248 495 2313 Deidamia
519 2249 549 2312 vi
574 2271 726 2329 oppressa
744 2249 803 2313 etsi
822 2248 993 2313 clamorem
1011 2248 1106 2326 toIIit,
1122 2254 1239 2328 tamen,
1256 2249 1340 2331 quod
1358 2270 1434 2312 voce

209 2431 213 2438 ⁶
261 2357 390 2442 signum
414 2356 506 2441 orgia
531 2355 740 2421 continuandi
765 2355 887 2420 dedisse
912 2356 1010 2420 choro
1037 2355 1169 2435 videtur,
1193 2355 1378 2440 neglegitur
1402 2359 1435 2418 et

261 2464 353 2549 orgia
389 2463 572 2527 intermissa
606 2468 805 2544 repetuntur,
841 2469 1013 2546 postquam
1049 2463 1194 2528 Achilles
1228 2462 1433 2542 perterritam

262 2571 372 2634 amicis
402 2571 508 2634 verbis
539 2571 661 2634 solatus
692 2574 740 2634 est
772 2576 803 2634 et
827 2571 985 2655 originem
1017 2593 1105 2633 suam
1131 2571 1287 2649 osteudIt3
1321 2570 1378 2633 iIIa
1402 2574 1433 2633 et

261 2701 437 2759 poenarum
453 2679 569 2742 timore
586 2683 746 2742 commota
763 2683 795 2742 et
812 2678 940 2742 conscia
957 2678 1028 2759 ipsa
1044 2678 1166 2758 oquae,
1190 2679 1275 2762 quod
1292 2700 1433 2742 amorem

260 2792 327 2851 tam
358 2785 411 2850 diu
436 2787 619 2866 deceperat,
651 2807 808 2849 comaeque
831 2786 921 2867 nefus
953 2789 1079 2866 patrem
1111 2791 1142 2849 et
1173 2808 1299 2849 sorores
1329 2785 1432 2848 celare

260 2893 436 2958 eonstItuit.
475 2891 549 2956 Una
573 2896 699 2957 tantum
724 2892 829 2973 stupri
846 2892 975 2956 conscia
990 2893 1028 2955 fit
1044 2893 1162 2971 nutrix,
1187 2915 1268 2975 quae
1284 2891 1433 2972 precibus

260 3002 344 3066 victa
374 3006 406 3065 ct
429 2999 567 3064 Achillis
598 3005 630 3064 et
654 2999 839 3063 Deidamiae
869 3022 909 3062 ne
932 3006 1090 3064 secretum
1115 3001 1280 3080 proderet,
1311 2998 1432 3064 adnuiI.

259 3107 426 3172 Deidamia
451 3129 525 3170 vero

652 3204 721 3260 osto
745 3199 838 3261 toce'to
861 3204 1047 3282 ruptumque
1065 3197 1218 3280 pudorem

365 3311 596 3389 serpentemque
622 3311 743 3368 uterum
766 3311 860 3389 etque
883 3325 989 3388 oepros
1012 3306 1046 3368 in
1069 3305 1204 3387 pondere
1226 3325 1341 3366 menses

365 3412 497 3476 occuluit

258 3520 287 3601 (I
312 3522 375 3584 670
397 3517 510 3602 seqq),
534 3519 634 3582 donec
658 3517 690 3581 in
715 3517 819 3582 lucem
844 3518 949 3581 edItus
973 3521 1021 3581 est
1045 3518 1269 3601 Pyr1·hus.⁵)

333 3677 349 3744 ¹)
369 3681 403 3735 cf.
423 3681 492 3734 Ach.
513 3680 525 3731 I
545 3679 694 3733 592-674.

331 3766 348 3833 ⁹)
369 3772 381 3823 I
400 3770 452 3823 586
472 3787 548 3838 seqq.

331 3855 349 3921 ³)
374 3862 407 3912 Va'
419 3862 529 3927 potitor
549 3879 580 3900 =
599 3859 678 3924 Verg.
693 3857 761 3912 Aen.
777 3858 818 3910 III
832 3859 881 3918 56;
895 3861 1006 3925 potitur
1017 3861 1086 3910 cotia
1100 3877 1131 3899 =
1149 3857 1228 3910 Ovid.
1243 3857 1428 3925 Metamorph.

256 3949 293 4000 XI
314 3948 382 4001 265:
412 3951 448 4000 Εἰ
464 3951 572 4014 potitur·
588 3950 664 4001 cotie.

331 4033 348 4098 ⁴)
369 4038 452 4091 1640
473 4055 549 4104 seqq.
716 4039 718 4042 ’

331 4122 516 4190 ⁶)ef.1·124;
543 4126 618 4180 idem
645 4144 747 4181 nomen
775 4125 898 4180 occurrit
925 4126 1001 4194 apud
1029 4125 1200 4180 Ovidium
1231 4123 1428 4195 [Metamorph.

255 4216 322 4268 XIII
338 4215 388 4268 155
408 4222 446 4268 eet
462 4219 569 4283 portitor·
583 4218 683 4283 Peleus,
703 4222 741 4268 eat
760 4218 886 4281 Rqrrbus
903 4218 979 4281 filius
997 4217 1049 4282 illi,
1069 4233 1105 4269 sc.
1120 4212 1243 4280 Achillip
1264 4215 1298 4268 cf.
1310 4216 1428 4268 Pansam

256 4305 341 4367 X26‚
361 4305 386 4357 4.
