3292 5034
691 479 909 546 ,49-

213 678 438 758 usitatissima,
469 682 601 742 nostrae
633 682 741 741 tamen
765 676 896 740 fabulae
918 675 1043 756 primus
1064 672 1192 738 videtur
1215 671 1386 738 inseruisse

213 785 346 865 Statius
369 786 432 850 nisi
455 787 540 851 forte
563 784 789 865 Euripides
818 783 852 847 in
881 781 1080 866 ,Scyriis“
1109 781 1159 844 vel
1183 779 1281 844 Bion
1305 778 1387 844 tales

213 893 331 958 nutrici
355 893 417 958 iam
443 893 625 958 tribuerant
647 897 766 973 partes.
803 890 894 956 Dicit
910 889 994 954 enim
1012 889 1115 954 Bion
1131 910 1212 953 vers.
1225 888 1268 951 30
1281 909 1385 970 seqq.:

213 1002 235 1062 ἁ
251 1000 289 1063 de
303 1000 434 1087 πονηρὰ
450 999 571 1062 Νύσσα
590 1009 701 1082 γραῦς
717 996 816 1061 δολία
830 1019 875 1076 με
890 1006 1004 1077 κακῶς
1023 996 1089 1059 ἀπὸ
1105 1006 1177 1059 σεῖο
1191 990 1386 1076 μερίσθειᾸ)

213 1108 306 1173 Unde
330 1113 465 1189 apparet
488 1107 646 1172 nutricem
671 1129 798 1191 quoque
822 1105 1012 1190 recognita
1036 1103 1196 1168 Achillem
1218 1101 1386 1167 Deidamia

212 1215 382 1296 prohibere
417 1214 585 1280 studuisse.
644 1213 786 1289 Quocum
825 1215 904 1278 bene
939 1211 1106 1297 congruit,
1142 1211 1226 1294 quod
1262 1209 1386 1273 Statius

212 1323 312 1386 tradit
344 1345 414 1388 eam
447 1344 512 1386 non
545 1321 607 1385 nisi
640 1320 789 1402 precibus
822 1319 940 1384 victam
964 1318 1103 1384 Achillis
1136 1322 1168 1380 et
1199 1315 1385 1381 Deidamiae

212 1431 300 1495 furto
324 1430 471 1495 adnuisse
495 1429 637 1493 celando.
676 1429 724 1492 De
748 1427 874 1492 nutrice
890 1427 992 1512 igitur
1008 1425 1144 1505 dubites,
1168 1446 1244 1488 num
1262 1423 1386 1488 Statius

213 1561 281 1603 eam
307 1537 482 1615 novaverit,
506 1537 544 1600 de
567 1535 659 1600 festis
677 1557 729 1600 res
745 1535 851 1599 minus
867 1535 972 1599 dubia.
1011 1533 1095 1597 Nam
1113 1533 1192 1596 haec
1208 1531 1242 1595 in
1266 1529 1385 1614 Scyro

213 1649 284 1709 acta
307 1667 376 1710 esse
400 1647 527 1726 praeter
551 1642 689 1708 Statium
714 1665 807 1711 nemo
823 1643 924 1707 tradit
939 1641 1001 1705 nisi
1025 1640 1207 1705 Sidonius
1230 1638 1385 1720 Apolli-

213 1751 328 1815 naris
350 1748 535 1831 imitator.²)

280 1857 325 1923 Ut
344 1860 381 1923 de
403 1859 420 1921 f
425 1857 527 1922 estis
543 1879 645 1938 pauca
661 1857 822 1935 addamne,
839 1855 956 1939 quibus
970 1855 1108 1919 Achillis
1126 1856 1221 1919 ardor
1236 1854 1385 1919 incensus

213 1970 245 2029 et
268 1965 415 2046 expletus
444 1970 602 2041 narratur,
633 1965 671 2028 de
696 1963 883 2027 Minerva
912 1985 995 2047 quae
1022 1967 1155 2026 vocatur
1187 1961 1385 2026 litoreae

213 2071 330 2156 Scyriis
360 2072 447 2136 culta
478 2071 523 2134 nil
548 2092 657 2135 eruere
681 2070 773 2152 potui
796 2076 924 2152 praeter
948 2091 1000 2149 ea,
1024 2091 1106 2153 quae
1129 2068 1252 2134 Statius
1276 2069 1385 2132 tradIt.

212 2178 326 2243 Statua
349 2182 420 2242 erat
442 2178 584 2243 Palladis
607 2199 704 2258 super
729 2177 825 2242 litore
848 2181 1013 2242 exstructa
1024 2177 1066 2259 Β),
1097 2199 1193 2260 quam
1217 2174 1384 2259 Scyriades

211 2285 335 2367 patriae
366 2285 455 2350 urbis
479 2285 579 2349 muris
603 2307 763 2370 egressae,
787 2307 870 2368 quae
893 2307 967 2349 rara
989 2283 1121 2348 licentia
1144 2282 1262 2364 erat4),
1286 2304 1384 2346 verno

212 2399 355 2474 tempore
386 2391 520 2457 floribus
552 2413 667 2456 ornare
691 2396 723 2455 et
746 2391 855 2456 choris
877 2391 1024 2456 venerari
1047 2391 1196 2454 solebant
1207 2390 1243 2473 ⁶),
1273 2389 1385 2472 quales

212 2499 326 2564 choros
343 2499 454 2563 Thetis
470 2499 596 2563 audisse
613 2497 739 2578 dicitur,
752 2521 823 2562 cam
840 2523 858 2562 a
874 2498 949 2564 Iove
966 2498 1063 2562 missa
1079 2502 1159 2575 erat,
1178 2497 1384 2580 Aegaeonem

211 2612 247 2671 ut
271 2611 457 2690 sequeretur
481 2605 510 2688 (Ι
535 2607 613 2686 209)
638 2607 733 2670 dures
757 2607 916 2670 taxantem
937 2627 1044 2688 aescae,
1067 2604 1124 2688 qui
1147 2605 1238 2669 locus
1257 2603 1384 2668 videtur

169 2783 171 2788 ,
211 2719 356 2794 spectare
387 2714 426 2778 ad
461 2713 628 2778 Homeri
653 2712 742 2778 Iliad.
766 2711 799 2774 A
824 2714 1015 2791 396-406,
1048 2711 1104 2776 ubi
1128 2711 1241 2775 Thetis
1273 2709 1384 2775 Iovia

212 2820 342 2904 reliquis
359 2821 407 2884 dis
424 2819 583 2904 Olympiis
599 2841 754 2903 oppresso
771 2819 975 2905 Aegaeonem
997 2819 1063 2884 sive
1080 2818 1247 2883 Briareum
1264 2816 1383 2882 auxilio

213 2927 412 2992 arcessivisse
436 2933 595 2992 narratur.

279 3034 404 3122 Orgia
434 3036 657 3101 trieterica
690 3035 817 3116 saepius
852 3040 1071 3099 memorantur
1106 3034 1139 3097 in
1172 3032 1336 3098 Thebaide
1347 3031 1383 3114 ⁰),

211 3143 294 3206 unde
324 3143 480 3224 suspicari
507 3143 584 3207 licet
607 3149 736 3224 poetam
768 3142 887 3227 orgia
911 3141 1030 3206 Bacchi
1054 3139 1264 3226 Agenorei
1288 3139 1383 3224 (Ach.

210 3249 224 3314 Ι
242 3251 320 3332 593)
336 3249 465 3329 Thebis,
489 3250 544 3314 ubi
562 3249 674 3313 innata
691 3253 790 3326 erant,
815 3249 849 3313 in
864 3248 998 3333 Scyrum
1014 3248 1218 3312 transtulisse
1234 3246 1383 3325 insulam,

209 3376 423 3385 ———.

285 3443 301 3510 ¹)
322 3465 356 3502 ex
375 3447 535 3502 recensione
555 3447 718 3510 HermannI,
739 3445 787 3514 qui
806 3454 903 3513 γραῦς
920 3446 1083 3500 emendavit
1101 3463 1151 3514 pro
1171 3443 1239 3512 γὰρ.

240 3540 241 3544 ’
284 3532 301 3600 ²)
322 3555 406 3593 carm.
426 3537 464 3589 IX
485 3537 535 3589 140
555 3553 648 3604 seqq.:

458 3628 521 3678 inde
541 3627 704 3693 Scyriadum
723 3629 804 3678 datus
821 3629 935 3692 parenti

456 3716 545 3780 falsae
563 3717 675 3767 nomiae
692 3717 838 3782 pertulisse
858 3716 982 3781 Pyrrhae

458 3811 536 3872 atque
554 3807 627 3856 inter
645 3807 754 3857 tetricae
773 3806 869 3857 eborea
888 3806 1062 3856 Minervae

458 3896 575 3950 occultos
603 3895 697 3946 Veneri
715 3901 820 3946 rotasse
838 3895 982 3960 thyrsos.

283 3979 301 4046 ⁸)
321 3984 356 4038 cf.
376 3984 459 4036 1696
479 4001 535 4050 seq.

282 4067 301 4135 ⁴)
320 4074 332 4125 I
351 4072 412 4127 286.

282 4157 301 4225 ⁶)
321 4163 333 4214 Ι
353 4161 405 4216 288
425 4179 502 4230 seqq.

282 4245 300 4313 ⁶)
320 4250 354 4304 cf.
374 4251 401 4303 II
415 4251 465 4303 661
481 4268 566 4318 seqq,
588 4251 624 4304 IX
637 4250 690 4303 478
704 4267 788 4317 seqq,
809 4250 892 4313 1177,
913 4249 951 4302 IV
966 4250 1026 4313 667,
1048 4249 1071 4301 V
1086 4248 1145 4312 730,
1166 4248 1234 4301 VIII
1248 4247 1298 4300 221
1314 4266 1380 4316 seq,

208 4339 247 4392 IX
266 4339 326 4403 795,
346 4339 397 4391 XII
418 4339 478 4393 787.

1188 4445 1203 4496 t
