3292 5034
267 1339 401 1442 Statius
417 1371 451 1434 in
465 1369 644 1435 Achilleide
661 1375 762 1435 totam
778 1371 817 1434 ad
832 1370 987 1435 Achillem
1002 1374 1205 1452 spectantem
1223 1370 1366 1435 fabulam

198 1477 338 1540 carmine
363 1477 452 1560 epico
477 1477 655 1542 describere
680 1477 740 1542 sibi
764 1480 978 1559 proposuerat
998 1477 1091 1542 Musa
1108 1477 1289 1558 adiuvante,
1313 1479 1368 1542 sed

198 1584 305 1648 nescio
336 1606 399 1668 quo
430 1585 497 1648 fato
529 1585 589 1648 hoo
620 1586 742 1668 grande
773 1585 972 1666 propositum
1005 1585 1163 1648 adfinem
1195 1586 1368 1665 perducere

197 1690 380 1770 prohibitus
405 1695 463 1755 est,
501 1691 585 1754 Nam
610 1691 760 1754 carminis
784 1691 1001 1776 fragmentum
1024 1691 1196 1756 memoriae
1213 1691 1366 1756 traditum
1430 1686 1434 1693 ’

198 1796 325 1860 initium
365 1801 489 1861 tantum
529 1797 629 1861 totius
664 1799 748 1881 quod
783 1798 844 1861 sibi
884 1802 1096 1879 proposuerat
1131 1803 1227 1879 poeta
1262 1799 1368 1879 operis

198 1904 411 1985 amplectitur,
445 1927 511 1968 eam
546 1907 688 1985 partem,
724 1909 813 1968 cuius
847 1910 1072 1988 argumentum
1104 1904 1289 1968 continetur
1317 1905 1368 1969 his

198 2011 348 2073 carminis
373 2011 478 2075 uerbis
492 2011 532 2092 ¹):

811 2120 965 2204 Scyroque
988 2120 1127 2182 latentem

316 2301 318 2306 ,
358 2225 413 2304 (sc.
437 2224 611 2306 Achillem)
638 2226 784 2288 Dulichio
805 2226 948 2308 proferre
971 2225 1054 2306 rata,

198 2351 267 2392 oum
293 2334 388 2410 poeta
412 2331 444 2394 id
461 2337 571 2415 ageret
588 2332 703 2409 animo,
727 2338 763 2395 ut
781 2331 913 2396 Homeri
927 2333 1094 2412 ,suppleret
1109 2332 1239 2397 Iliadem
1258 2333 1308 2396 his
1320 2333 1364 2412 2);

972 2441 977 2453 ⁸

966 2467 969 2476 r

359 2461 547 2522 pararnonem
571 2446 640 2502 octo
664 2441 724 2501 oiri
747 2441 878 2502 arcadium
901 2441 1010 2502 inolito
1035 2447 1128 2502 contu

358 2546 511 2621 Maeonio,
534 2547 587 2609 sed
605 2547 703 2630 ploro
727 2553 859 2609 cocunt:
881 2569 937 2610 nos
962 2549 1006 2609 ire
1024 2568 1083 2628 per
1106 2568 1224 2610 omnem

359 2689 398 2697 —-
423 2655 467 2716 sic
490 2674 578 2716 urrror
601 2661 642 2716 est
669 2689 707 2698 —-
732 2655 825 2716 deroo
849 2655 922 2716 rel-is
946 2635 1106 2737 Scyroque
1123 2654 1263 2716 latentem

358 2759 506 2822 Dulichio
526 2759 668 2842 proferre
692 2761 764 2822 rerba
789 2783 843 2823 nec
866 2762 898 2823 'in
924 2761 1054 2846 Hectore
1078 2767 1175 2822 tracto
1208 2743 1210 2747 ¹

356 2868 468 2947 sistere,
492 2867 545 2929 sed
568 2873 630 2929 toto
654 2868 791 2930 iuuenem
814 2867 962 2929 dedocere
990 2867 1095 2930 Troia.

265 2970 356 3044 Quod
380 2970 441 3034 iam
468 2973 569 3035 multo
594 2978 668 3036 ante
692 2972 831 3036 Statium
848 2967 991 3036 fecerant
1007 2976 1122 3053 poetae
1138 2972 1193 3055 qui
1210 2977 1367 3037 vocantur

197 3077 364 3158 cyclici,
392 3101 527 3161 quorum
553 3079 695 3142 carmina
719 3103 781 3142 non
808 3079 869 3142 nisi
894 3084 1045 3160 excerpta
1069 3103 1087 3141 a
1112 3079 1225 3142 Proclo
1250 3079 1366 3144 Photio

198 3186 279 3247 teste
303 3185 395 3248 nobis
420 3186 538 3250 tradita
563 3209 673 3250 omnes
696 3192 728 3250 et
745 3187 902 3250 Troianas
919 3192 951 3250 et
970 3185 1142 3250 Thebanos
1158 3186 1367 3249 continebant

197 3290 338 3370 fabulaS,
373 3292 398 3354 si
432 3293 558 3376 quidem
592 3295 684 3356 fidem
716 3293 872 3356 habemus
895 3293 1000 3355 Procli
1032 3293 1231 3373 excerptis.³)
1279 3293 1366 3368 Quae

273 3483 290 3549 ¹)
308 3487 408 3542 Aeni
428 3491 444 3542 5
464 3490 533 3557 seq.v
643 3498 648 3508 ¹

272 3571 289 3638 ²)
308 3576 376 3632 Ach.
397 3579 408 3630 Ι
429 3579 445 3631 3
464 3595 541 3646 seqq.

271 3661 289 3727 ⁸)
308 3666 400 3720 Procli
426 3665 624 3722 auctoritatem
657 3666 737 3721 valde
766 3667 929 3722 minuerunt
958 3667 1000 3720 vel
1029 3667 1203 3722 sustulerunt
1228 3667 1367 3722 Robertus

196 3753 268 3814 (Bild
288 3754 344 3808 und
364 3756 431 3810 Lied
451 3756 521 3812 Berl.
544 3757 609 3810 1881
631 3775 694 3824 pag.
709 3757 778 3820 223),
799 3755 1035 3811 Wilamowitzius
1057 3755 1248 3817 (Homerische
1268 3758 1366 3812 Unter·

196 3845 358 3912 suchungen
378 3865 409 3887 =
430 3845 638 3914 Philologischc
657 3845 911 3912 Untersuchungen
932 3863 985 3900 von
1005 3843 1147 3912 Kiessling
1160 3846 1217 3899 und
1230 3845 1365 3900 Wilamo·

196 3933 260 3987 witz
280 3935 348 3988 Heit
367 3935 428 3998 Vll,
450 3934 526 3998 1884,
545 3952 610 4003 pag.
631 3935 682 3988 330
702 3938 797 4003 seqqd,
827 3933 941 3988 Bcthius
968 3935 1099 3997 (Herma-e
1120 3935 1172 3990 vol.
1193 3935 1281 3988 XXVI
1301 3952 1366 4003 pag.

196 4024 248 4076 595
268 4041 353 4091 seqq,
374 4023 565 4079 Thebanische
585 4024 791 4088 Heldenlieder,
812 4024 926 4092 Leipzig
946 4024 1023 4088 1891,
1043 4041 1106 4092 pag.
1127 4023 1162 4077 34
1180 4025 1244 4078 adn.
1264 4026 1298 4087 9),
1318 4024 1365 4092 qui

196 4112 249 4166 viri
269 4113 345 4167 docti
364 4112 439 4167 inter
458 4131 486 4168 se
507 4113 686 4167 consentiunt
706 4113 833 4166 carmina
852 4113 913 4180 ipsa
932 4130 996 4168 eum
1015 4130 1070 4167 non
1085 4112 1238 4181 inspexisse
1252 4113 1365 4176 cyclica,

195 4205 243 4257 sed
264 4205 431 4270 argumenta
450 4221 545 4257 eorum
566 4203 747 4270 excerpsisse3
768 4202 885 4255 Bcthius
904 4189 938 4256 co
950 4201 1130 4269 progreditur
1143 4201 1317 4270 suspicionis,
1334 4208 1366 4254 ut

196 4294 273 4348 <licat
292 4293 421 4356 (Hermae
441 4293 458 4348 l.
472 4293 489 4346 l.
504 4310 567 4360 pag.
579 4293 639 4354 811)
660 4293 741 4346 haec:
765 4292 896 4359 ,Proklos
916 4292 967 4344 hat
986 4293 1043 4354 (lae,
1063 4309 1120 4346 was
1140 4309 1169 4346 er
1182 4291 1223 4345 als
1237 4292 1365 4357 Ausadge

1191 4398 1204 4451 1
