<?xml version="1.0" encoding="UTF-8"?>
<!DOCTYPE html PUBLIC "-//W3C//DTD XHTML 1.0 Transitional//EN"
    "http://www.w3.org/TR/xhtml1/DTD/xhtml1-transitional.dtd">
<html xmlns="http://www.w3.org/1999/xhtml" xml:lang="en" lang="en">
 <head>
  <title>
</title>
<meta http-equiv="Content-Type" content="text/html;charset=utf-8" />
  <meta name='ocr-system' content='tesseract 3.04.00' />
  <meta name='ocr-capabilities' content='ocr_page ocr_carea ocr_par ocr_line ocrx_word'/>
</head>
<body>
  <div class='ocr_page' id='page_1' title='image "./ppapiniusstatiu00kuergoog_0056.png"; bbox 0 0 3292 5034; ppageno 0'>
   <div class='ocr_carea' id='block_1_1' title="bbox 729 462 942 564">
    <p class='ocr_par' dir='ltr' id='par_1_1' title="bbox 729 462 942 564">
     <span class='ocr_line' id='line_1_1' title="bbox 729 462 942 564; baseline -0.009 -49"><span class='ocrx_word' id='word_1_1' title='bbox 729 462 942 564; x_wconf 48' lang='lat'><strong>*50⁴</strong></span> 
     </span>
    </p>
   </div>
   <div class='ocr_carea' id='block_1_2' title="bbox 249 660 1478 3425">
    <p class='ocr_par' dir='ltr' id='par_1_2' title="bbox 249 660 1422 1054">
     <span class='ocr_line' id='line_1_2' title="bbox 249 660 1422 746; baseline -0.005 -16"><span class='ocrx_word' id='word_1_2' title='bbox 249 665 312 730; x_wconf 88' lang='lat' dir='ltr'><strong>nisi</strong></span> <span class='ocrx_word' id='word_1_3' title='bbox 336 688 370 730; x_wconf 92' lang='lat' dir='ltr'><strong>re</strong></span> <span class='ocrx_word' id='word_1_4' title='bbox 386 689 461 730; x_wconf 85' lang='lat' dir='ltr'><strong>vera</strong></span> <span class='ocrx_word' id='word_1_5' title='bbox 485 665 647 730; x_wconf 90' lang='lat' dir='ltr'><strong>Bacchum</strong></span> <span class='ocrx_word' id='word_1_6' title='bbox 672 664 716 730; x_wconf 90' lang='lat' dir='ltr'><strong>ibi</strong></span> <span class='ocrx_word' id='word_1_7' title='bbox 740 666 861 729; x_wconf 90' lang='lat' dir='ltr'><strong>cultum</strong></span> <span class='ocrx_word' id='word_1_8' title='bbox 888 687 954 729; x_wconf 90' lang='lat' dir='ltr'><strong>esse</strong></span> <span class='ocrx_word' id='word_1_9' title='bbox 974 669 1136 746; x_wconf 83' lang='lat' dir='ltr'><strong>putamus,</strong></span> <span class='ocrx_word' id='word_1_10' title='bbox 1175 663 1212 728; x_wconf 90' lang='lat' dir='ltr'><strong>ln</strong></span> <span class='ocrx_word' id='word_1_11' title='bbox 1229 661 1327 726; x_wconf 87' lang='lat' dir='ltr'><strong>sacris</strong></span> <span class='ocrx_word' id='word_1_12' title='bbox 1344 660 1422 741; x_wconf 90' lang='lat' dir='ltr'><strong>ipsis</strong></span> 
     </span>
     <span class='ocr_line' id='line_1_3' title="bbox 250 770 1422 852; baseline -0.005 -15"><span class='ocrx_word' id='word_1_13' title='bbox 250 773 466 838; x_wconf 89' lang='lat' dir='ltr'><strong>describendis</strong></span> <span class='ocrx_word' id='word_1_14' title='bbox 501 773 646 837; x_wconf 90' lang='lat' dir='ltr'><strong>imitatus</strong></span> <span class='ocrx_word' id='word_1_15' title='bbox 678 772 805 837; x_wconf 80' lang='lat' dir='ltr'><strong>videtur</strong></span> <span class='ocrx_word' id='word_1_16' title='bbox 840 794 908 836; x_wconf 89' lang='lat' dir='ltr'><strong>esse</strong></span> <span class='ocrx_word' id='word_1_17' title='bbox 940 770 1160 852; x_wconf 84' lang='lat' dir='ltr'><strong>Euripidis</strong></span> <span class='ocrx_word' id='word_1_18' title='bbox 1191 770 1422 847; x_wconf 80' lang='lat' dir='ltr'><strong>Bacchas¹)‚</strong></span> 
     </span>
     <span class='ocr_line' id='line_1_4' title="bbox 250 878 1422 963; baseline -0.003 -18"><span class='ocrx_word' id='word_1_19' title='bbox 250 881 388 945; x_wconf 88' lang='lat' dir='ltr'><strong>conferri</strong></span> <span class='ocrx_word' id='word_1_20' title='bbox 412 885 549 963; x_wconf 75' lang='lat' dir='ltr'><strong>possunt</strong></span> <span class='ocrx_word' id='word_1_21' title='bbox 572 880 667 944; x_wconf 89' lang='lat' dir='ltr'><strong>etiam</strong></span> <span class='ocrx_word' id='word_1_22' title='bbox 693 879 853 944; x_wconf 74' lang='lat' dir='ltr'><strong>Catulli</strong></span> <span class='ocrx_word' id='word_1_23' title='bbox 877 878 1028 944; x_wconf 84' lang='lat' dir='ltr'><strong>carminis</strong></span> <span class='ocrx_word' id='word_1_24' title='bbox 1053 881 1094 942; x_wconf 83' lang='grc'><strong>64</strong></span> <span class='ocrx_word' id='word_1_25' title='bbox 1112 901 1223 943; x_wconf 88' lang='lat' dir='ltr'><strong>versus</strong></span> <span class='ocrx_word' id='word_1_26' title='bbox 1245 879 1308 942; x_wconf 80' lang='lat'><strong>255</strong></span> <span class='ocrx_word' id='word_1_27' title='bbox 1326 898 1422 960; x_wconf 80' lang='lat' dir='ltr'><strong>seqq,</strong></span> 
     </span>
     <span class='ocr_line' id='line_1_5' title="bbox 250 987 740 1054; baseline 0.002 -2"><span class='ocrx_word' id='word_1_28' title='bbox 250 988 305 1052; x_wconf 90' lang='lat' dir='ltr'><strong>ubi</strong></span> <span class='ocrx_word' id='word_1_29' title='bbox 330 988 475 1052; x_wconf 79' lang='lat' dir='ltr'>Bacchae</span> <span class='ocrx_word' id='word_1_30' title='bbox 499 987 740 1054; x_wconf 89' lang='lat' dir='ltr'><strong>describuntur:</strong></span> 
     </span>
    </p>

    <p class='ocr_par' dir='ltr' id='par_1_3' title="bbox 380 1095 1262 1180">
     <span class='ocr_line' id='line_1_6' title="bbox 380 1095 1262 1180; baseline -0.005 -20"><span class='ocrx_word' id='word_1_31' title='bbox 380 1095 506 1160; x_wconf 88' lang='lat' dir='ltr'><strong>Harara</strong></span> <span class='ocrx_word' id='word_1_32' title='bbox 523 1117 604 1179; x_wconf 81' lang='lat' dir='ltr'><strong>pars</strong></span> <span class='ocrx_word' id='word_1_33' title='bbox 627 1102 704 1159; x_wconf 86' lang='lat' dir='ltr'><strong>tecta</strong></span> <span class='ocrx_word' id='word_1_34' title='bbox 729 1095 908 1180; x_wconf 83' lang='lat' dir='ltr'><strong>quatiebant</strong></span> <span class='ocrx_word' id='word_1_35' title='bbox 932 1095 1058 1178; x_wconf 81' lang='lat' dir='ltr'><strong>cuspide</strong></span> <span class='ocrx_word' id='word_1_36' title='bbox 1086 1095 1262 1179; x_wconf 77' lang='lat' dir='ltr'><strong>thyrsos,</strong></span> 
     </span>
    </p>

    <p class='ocr_par' dir='ltr' id='par_1_4' title="bbox 379 1201 1136 1282">
     <span class='ocr_line' id='line_1_7' title="bbox 379 1201 1136 1282; baseline -0.003 -16"><span class='ocrx_word' id='word_1_37' title='bbox 379 1203 462 1266; x_wconf 89' lang='lat' dir='ltr'><strong>Pars</strong></span> <span class='ocrx_word' id='word_1_38' title='bbox 485 1225 500 1268; x_wconf 90' lang='lat' dir='ltr'><strong>e</strong></span> <span class='ocrx_word' id='word_1_39' title='bbox 522 1204 638 1267; x_wconf 78' lang='lat' dir='ltr'><strong>divolsa</strong></span> <span class='ocrx_word' id='word_1_40' title='bbox 661 1202 821 1266; x_wconf 80' lang='lat' dir='ltr'><strong>iactabant</strong></span> <span class='ocrx_word' id='word_1_41' title='bbox 844 1201 979 1265; x_wconf 85' lang='lat' dir='ltr'><strong>membra</strong></span> <span class='ocrx_word' id='word_1_42' title='bbox 1002 1204 1136 1282; x_wconf 75' lang='lat' dir='ltr'><strong>taceare,</strong></span> 
     </span>
    </p>

    <p class='ocr_par' dir='ltr' id='par_1_5' title="bbox 380 1299 1103 1393">
     <span class='ocr_line' id='line_1_8' title="bbox 380 1299 1103 1393; baseline 0 -20"><span class='ocrx_word' id='word_1_43' title='bbox 380 1310 461 1374; x_wconf 87' lang='lat' dir='ltr'><strong>Pars</strong></span> <span class='ocrx_word' id='word_1_44' title='bbox 484 1331 546 1374; x_wconf 86' lang='lat' dir='ltr'><strong>sese</strong></span> <span class='ocrx_word' id='word_1_45' title='bbox 560 1299 658 1373; x_wconf 83' lang='lat' dir='ltr'><strong>¹tortis</strong></span> <span class='ocrx_word' id='word_1_46' title='bbox 680 1309 871 1393; x_wconf 74' lang='lat' dir='ltr'><strong>serpentibus</strong></span> <span class='ocrx_word' id='word_1_47' title='bbox 897 1309 1103 1393; x_wconf 70' lang='lat' dir='ltr'><strong>iactapebaat</strong></span> 
     </span>
    </p>

    <p class='ocr_par' dir='ltr' id='par_1_6' title="bbox 270 1416 1271 1609">
     <span class='ocr_line' id='line_1_9' title="bbox 381 1416 1196 1501; baseline 0.001 -21"><span class='ocrx_word' id='word_1_48' title='bbox 381 1417 463 1480; x_wconf 89' lang='lat' dir='ltr'><strong>Pars</strong></span> <span class='ocrx_word' id='word_1_49' title='bbox 486 1416 616 1480; x_wconf 88' lang='lat' dir='ltr'><strong>abscara</strong></span> <span class='ocrx_word' id='word_1_50' title='bbox 640 1418 723 1480; x_wconf 84' lang='lat' dir='ltr'><strong>caris</strong></span> <span class='ocrx_word' id='word_1_51' title='bbox 747 1416 940 1481; x_wconf 78' lang='lat' dir='ltr'><strong>celebrabant</strong></span> <span class='ocrx_word' id='word_1_52' title='bbox 963 1419 1079 1501; x_wconf 70' lang='lat' dir='ltr'><strong>arpia</strong></span> <span class='ocrx_word' id='word_1_53' title='bbox 1103 1418 1196 1498; x_wconf 77' lang='lat' dir='ltr'><strong>cistis,</strong></span> 
     </span>
     <span class='ocr_line' id='line_1_10' title="bbox 270 1523 1188 1609; baseline -0.001 -22"><span class='ocrx_word' id='word_1_54' title='bbox 270 1571 271 1576; x_wconf 19' lang='grc' dir='ltr'>η</span> <span class='ocrx_word' id='word_1_55' title='bbox 381 1523 574 1608; x_wconf 74' lang='lat' dir='ltr'><strong>Plaaqebaat</strong></span> <span class='ocrx_word' id='word_1_56' title='bbox 598 1525 680 1587; x_wconf 82' lang='lat' dir='ltr'><strong>aliae</strong></span> <span class='ocrx_word' id='word_1_57' title='bbox 697 1526 838 1607; x_wconf 81' lang='lat' dir='ltr'><strong>proceris</strong></span> <span class='ocrx_word' id='word_1_58' title='bbox 860 1531 1050 1609; x_wconf 74' lang='lat' dir='ltr'><strong>tympana</strong></span> <span class='ocrx_word' id='word_1_59' title='bbox 1068 1525 1188 1607; x_wconf 80' lang='lat' dir='ltr'><strong>palmis</strong></span> 
     </span>
    </p>

    <p class='ocr_par' dir='ltr' id='par_1_7' title="bbox 251 1631 1245 1823">
     <span class='ocr_line' id='line_1_11' title="bbox 380 1631 1245 1715; baseline 0.001 -22"><span class='ocrx_word' id='word_1_60' title='bbox 380 1633 446 1693; x_wconf 81' lang='lat' dir='ltr'><strong>Aac</strong></span> <span class='ocrx_word' id='word_1_61' title='bbox 468 1633 554 1694; x_wconf 80' lang='lat' dir='ltr'><strong>tereti</strong></span> <span class='ocrx_word' id='word_1_62' title='bbox 577 1633 677 1694; x_wconf 80' lang='lat' dir='ltr'><strong>teaals</strong></span> <span class='ocrx_word' id='word_1_63' title='bbox 700 1632 834 1695; x_wconf 82' lang='lat' dir='ltr'><strong>tinnites</strong></span> <span class='ocrx_word' id='word_1_64' title='bbox 857 1653 947 1695; x_wconf 93' lang='lat' dir='ltr'><strong>aere</strong></span> <span class='ocrx_word' id='word_1_65' title='bbox 970 1631 1089 1695; x_wconf 79' lang='lat' dir='ltr'><strong>ciebant</strong></span> <span class='ocrx_word' id='word_1_66' title='bbox 1123 1655 1149 1696; x_wconf 86' lang='lat' dir='ltr'><strong>e.</strong></span> <span class='ocrx_word' id='word_1_67' title='bbox 1166 1654 1195 1715; x_wconf 90' lang='lat' dir='ltr'><strong>q.</strong></span> <span class='ocrx_word' id='word_1_68' title='bbox 1212 1653 1245 1709; x_wconf 84' lang='lat' dir='ltr'><strong>s,</strong></span> 
     </span>
     <span class='ocr_line' id='line_1_12' title="bbox 251 1736 1150 1823; baseline -0.001 -22"><span class='ocrx_word' id='word_1_69' title='bbox 251 1737 371 1822; x_wconf 83' lang='lat' dir='ltr'><strong>orgia</strong></span> <span class='ocrx_word' id='word_1_70' title='bbox 394 1736 616 1801; x_wconf 77' lang='lat' dir='ltr'><strong>trieterica</strong></span> <span class='ocrx_word' id='word_1_71' title='bbox 640 1736 747 1821; x_wconf 84' lang='lat' dir='ltr'><strong>tangit</strong></span> <span class='ocrx_word' id='word_1_72' title='bbox 771 1737 866 1800; x_wconf 84' lang='lat' dir='ltr'><strong>etiam</strong></span> <span class='ocrx_word' id='word_1_73' title='bbox 893 1737 1150 1823; x_wconf 73' lang='lat' dir='ltr'><strong>Vergilius.²)</strong></span> 
     </span>
    </p>

    <p class='ocr_par' dir='ltr' id='par_1_8' title="bbox 250 1843 1478 2887">
     <span class='ocr_line' id='line_1_13' title="bbox 320 1843 1424 1927; baseline -0.002 -19"><span class='ocrx_word' id='word_1_74' title='bbox 320 1843 501 1927; x_wconf 91' lang='lat' dir='ltr'><strong>Utrumque</strong></span> <span class='ocrx_word' id='word_1_75' title='bbox 530 1843 647 1908; x_wconf 88' lang='lat' dir='ltr'><strong>festum</strong></span> <span class='ocrx_word' id='word_1_76' title='bbox 680 1843 712 1906; x_wconf 91' lang='lat' dir='ltr'><strong>in</strong></span> <span class='ocrx_word' id='word_1_77' title='bbox 743 1843 916 1908; x_wconf 86' lang='lat' dir='ltr'><strong>Aetolia</strong></span> <span class='ocrx_word' id='word_1_78' title='bbox 948 1845 1119 1908; x_wconf 79' lang='lat' dir='ltr'><strong>aleminis</strong></span> <span class='ocrx_word' id='word_1_79' title='bbox 1150 1867 1247 1908; x_wconf 90' lang='lat' dir='ltr'><strong>verno</strong></span> <span class='ocrx_word' id='word_1_80' title='bbox 1279 1847 1424 1924; x_wconf 88' lang='lat' dir='ltr'><strong>tempore</strong></span> 
     </span>
     <span class='ocr_line' id='line_1_14' title="bbox 254 1950 1425 2035; baseline -0.003 -20"><span class='ocrx_word' id='word_1_81' title='bbox 254 1952 451 2015; x_wconf 89' lang='lat' dir='ltr'><strong>celebratum</strong></span> <span class='ocrx_word' id='word_1_82' title='bbox 483 1971 551 2014; x_wconf 88' lang='lat' dir='ltr'><strong>esse</strong></span> <span class='ocrx_word' id='word_1_83' title='bbox 582 1955 738 2015; x_wconf 88' lang='lat' dir='ltr'><strong>memorat</strong></span> <span class='ocrx_word' id='word_1_84' title='bbox 773 1950 941 2032; x_wconf 80' lang='lat' dir='ltr'><strong>Seneca,</strong></span> <span class='ocrx_word' id='word_1_85' title='bbox 976 1951 1031 2035; x_wconf 92' lang='lat' dir='ltr'><strong>qui</strong></span> <span class='ocrx_word' id='word_1_86' title='bbox 1061 1951 1095 2014; x_wconf 94' lang='lat' dir='ltr'><strong>in</strong></span> <span class='ocrx_word' id='word_1_87' title='bbox 1129 1950 1269 2015; x_wconf 85' lang='lat' dir='ltr'><strong>Hercule</strong></span> <span class='ocrx_word' id='word_1_88' title='bbox 1304 1951 1425 2015; x_wconf 85' lang='lat' dir='ltr'><strong>Oetaeo</strong></span> 
     </span>
     <span class='ocr_line' id='line_1_15' title="bbox 252 2055 1425 2143; baseline -0.002 -22"><span class='ocrx_word' id='word_1_89' title='bbox 252 2058 385 2122; x_wconf 88' lang='lat' dir='ltr'><strong>chorum</strong></span> <span class='ocrx_word' id='word_1_90' title='bbox 409 2057 591 2141; x_wconf 81' lang='lat' dir='ltr'><strong>aequalium</strong></span> <span class='ocrx_word' id='word_1_91' title='bbox 609 2057 778 2122; x_wconf 87' lang='lat' dir='ltr'><strong>Deianirae</strong></span> <span class='ocrx_word' id='word_1_92' title='bbox 802 2064 921 2123; x_wconf 88' lang='lat' dir='ltr'><strong>sortem</strong></span> <span class='ocrx_word' id='word_1_93' title='bbox 946 2057 1078 2143; x_wconf 87' lang='lat' dir='ltr'><strong>reginae</strong></span> <span class='ocrx_word' id='word_1_94' title='bbox 1097 2062 1283 2142; x_wconf 86' lang='lat' dir='ltr'><strong>querentem</strong></span> <span class='ocrx_word' id='word_1_95' title='bbox 1301 2055 1425 2121; x_wconf 85' lang='lat' dir='ltr'><strong>inducit</strong></span> 
     </span>
     <span class='ocr_line' id='line_1_16' title="bbox 252 2162 1423 2250; baseline 0 -22"><span class='ocrx_word' id='word_1_96' title='bbox 252 2163 303 2228; x_wconf 91' lang='lat' dir='ltr'><strong>his</strong></span> <span class='ocrx_word' id='word_1_97' title='bbox 311 2164 354 2248; x_wconf 69' lang='grc'><strong>3);</strong></span> <span class='ocrx_word' id='word_1_98' title='bbox 381 2162 505 2228; x_wconf 83' lang='lat' dir='ltr'><strong>Ftaaas</strong></span> <span class='ocrx_word' id='word_1_99' title='bbox 521 2185 619 2240; x_wconf 89' lang='lat' dir='ltr'><strong>casas,</strong></span> <span class='ocrx_word' id='word_1_100' title='bbox 637 2165 739 2247; x_wconf 75' lang='lat' dir='ltr'><strong>Oeaer&#39;,</strong></span> <span class='ocrx_word' id='word_1_101' title='bbox 756 2172 825 2229; x_wconf 87' lang='lat' dir='ltr'><strong>taos</strong></span> <span class='ocrx_word' id='word_1_102' title='bbox 841 2168 983 2228; x_wconf 80' lang='lat' dir='ltr'><strong>carritum</strong></span> <span class='ocrx_word' id='word_1_103' title='bbox 994 2167 1115 2250; x_wconf 83' lang='lat' dir='ltr'><strong>primos</strong></span> <span class='ocrx_word' id='word_1_104' title='bbox 1138 2164 1230 2228; x_wconf 87' lang='lat' dir='ltr'><strong>tarba</strong></span> <span class='ocrx_word' id='word_1_105' title='bbox 1240 2187 1301 2250; x_wconf 81' lang='lat' dir='ltr'><strong>per</strong></span> <span class='ocrx_word' id='word_1_106' title='bbox 1315 2187 1423 2241; x_wconf 76' lang='lat' dir='ltr'><strong>aanor,</strong></span> 
     </span>
     <span class='ocr_line' id='line_1_17' title="bbox 250 2270 1424 2355; baseline 0.001 -20"><span class='ocrx_word' id='word_1_107' title='bbox 250 2272 359 2353; x_wconf 81' lang='lat' dir='ltr'><strong>fleraas</strong></span> <span class='ocrx_word' id='word_1_108' title='bbox 382 2270 492 2334; x_wconf 82' lang='lat' dir='ltr'><strong>dabtos</strong></span> <span class='ocrx_word' id='word_1_109' title='bbox 515 2271 692 2334; x_wconf 83' lang='lat' dir='ltr'><strong>veneranda</strong></span> <span class='ocrx_word' id='word_1_110' title='bbox 716 2279 806 2354; x_wconf 79' lang='lat' dir='ltr'><strong>toros,</strong></span> <span class='ocrx_word' id='word_1_111' title='bbox 837 2293 894 2336; x_wconf 85' lang='lat' dir='ltr'><strong>aas</strong></span> <span class='ocrx_word' id='word_1_112' title='bbox 917 2271 1029 2351; x_wconf 85' lang='lat' dir='ltr'><strong>(tecam</strong></span> <span class='ocrx_word' id='word_1_113' title='bbox 1052 2273 1175 2355; x_wconf 80' lang='lat' dir='ltr'><strong>solitae)</strong></span> <span class='ocrx_word' id='word_1_114' title='bbox 1204 2272 1424 2336; x_wconf 82' lang='lat' dir='ltr'><strong>Palladias</strong></span> 
     </span>
     <span class='ocr_line' id='line_1_18' title="bbox 253 2371 1426 2462; baseline 0.001 -22"><span class='ocrx_word' id='word_1_115' title='bbox 253 2381 308 2441; x_wconf 86' lang='lat' dir='ltr'><strong>r&#39;re</strong></span> <span class='ocrx_word' id='word_1_116' title='bbox 326 2399 395 2461; x_wconf 84' lang='lat' dir='ltr'><strong>per</strong></span> <span class='ocrx_word' id='word_1_117' title='bbox 418 2398 508 2441; x_wconf 91' lang='lat' dir='ltr'><strong>aras</strong></span> <span class='ocrx_word' id='word_1_118' title='bbox 531 2384 563 2441; x_wconf 91' lang='lat' dir='ltr'><strong>et</strong></span> <span class='ocrx_word' id='word_1_119' title='bbox 585 2371 772 2462; x_wconf 75' lang='lat' dir='ltr'><strong>eirpiaeos</strong></span> <span class='ocrx_word' id='word_1_120' title='bbox 795 2377 982 2442; x_wconf 87' lang='lat' dir='ltr'><strong>celebrare</strong></span> <span class='ocrx_word' id='word_1_121' title='bbox 1001 2379 1146 2456; x_wconf 81' lang='lat' dir='ltr'><strong>charas,</strong></span> <span class='ocrx_word' id='word_1_122' title='bbox 1173 2400 1229 2443; x_wconf 89' lang='lat' dir='ltr'><strong>aas</strong></span> <span class='ocrx_word' id='word_1_123' title='bbox 1255 2379 1426 2443; x_wconf 83' lang='lat' dir='ltr'><strong>Cadmeis</strong></span> 
     </span>
     <span class='ocr_line' id='line_1_19' title="bbox 253 2484 1425 2570; baseline 0 -22"><span class='ocrx_word' id='word_1_124' title='bbox 253 2487 359 2568; x_wconf 78' lang='lat' dir='ltr'><strong>orpia</strong></span> <span class='ocrx_word' id='word_1_125' title='bbox 384 2484 490 2565; x_wconf 82' lang='lat' dir='ltr'><strong>ferre</strong></span> <span class='ocrx_word' id='word_1_126' title='bbox 517 2492 633 2548; x_wconf 85' lang='lat' dir='ltr'><strong>tecam</strong></span> <span class='ocrx_word' id='word_1_127' title='bbox 659 2486 794 2549; x_wconf 81' lang='lat' dir='ltr'><strong>solitae</strong></span> <span class='ocrx_word' id='word_1_128' title='bbox 821 2485 974 2549; x_wconf 79' lang='lat' dir='ltr'><strong>condita</strong></span> <span class='ocrx_word' id='word_1_129' title='bbox 1003 2487 1123 2568; x_wconf 75' lang='lat' dir='ltr'><strong>cistis,</strong></span> <span class='ocrx_word' id='word_1_130' title='bbox 1153 2508 1222 2549; x_wconf 83' lang='lat' dir='ltr'><strong>cara</strong></span> <span class='ocrx_word' id='word_1_131' title='bbox 1249 2488 1313 2549; x_wconf 83' lang='lat' dir='ltr'><strong>iam</strong></span> <span class='ocrx_word' id='word_1_132' title='bbox 1331 2487 1425 2570; x_wconf 79' lang='lat' dir='ltr'><strong>palso</strong></span> 
     </span>
     <span class='ocr_line' id='line_1_20' title="bbox 252 2590 1425 2676; baseline 0 -20"><span class='ocrx_word' id='word_1_133' title='bbox 252 2592 352 2656; x_wconf 81' lang='lat' dir='ltr'><strong>sidere</strong></span> <span class='ocrx_word' id='word_1_134' title='bbox 382 2590 507 2655; x_wconf 82' lang='lat' dir='ltr'><strong>brumae</strong></span> <span class='ocrx_word' id='word_1_135' title='bbox 538 2593 658 2669; x_wconf 80' lang='lat' dir='ltr'><strong>tertia¹</strong></span> <span class='ocrx_word' id='word_1_136' title='bbox 681 2591 757 2654; x_wconf 87' lang='lat' dir='ltr'><strong>soles</strong></span> <span class='ocrx_word' id='word_1_137' title='bbox 787 2597 888 2655; x_wconf 81' lang='lat' dir='ltr'><strong>evocat</strong></span> <span class='ocrx_word' id='word_1_138' title='bbox 918 2599 1041 2656; x_wconf 87' lang='lat' dir='ltr'><strong>aestas</strong></span> <span class='ocrx_word' id='word_1_139' title='bbox 1073 2615 1099 2658; x_wconf 93' lang='lat' dir='ltr'><strong>e.</strong></span> <span class='ocrx_word' id='word_1_140' title='bbox 1115 2616 1145 2676; x_wconf 89' lang='lat' dir='ltr'><strong>q.</strong></span> <span class='ocrx_word' id='word_1_141' title='bbox 1161 2615 1186 2657; x_wconf 92' lang='lat' dir='ltr'><strong>s.</strong></span> <span class='ocrx_word' id='word_1_142' title='bbox 1229 2592 1334 2657; x_wconf 90' lang='lat' dir='ltr'><strong>Isdem</strong></span> <span class='ocrx_word' id='word_1_143' title='bbox 1358 2593 1425 2656; x_wconf 87' lang='lat' dir='ltr'><strong>fere</strong></span> 
     </span>
     <span class='ocr_line' id='line_1_21' title="bbox 254 2697 1478 2781; baseline 0 -21"><span class='ocrx_word' id='word_1_144' title='bbox 254 2697 359 2762; x_wconf 82' lang='lat' dir='ltr'><strong>verbis</strong></span> <span class='ocrx_word' id='word_1_145' title='bbox 383 2697 506 2762; x_wconf 86' lang='lat' dir='ltr'><strong>Statius</strong></span> <span class='ocrx_word' id='word_1_146' title='bbox 537 2719 627 2761; x_wconf 88' lang='lat' dir='ltr'><strong>sacra</strong></span> <span class='ocrx_word' id='word_1_147' title='bbox 655 2697 818 2779; x_wconf 84' lang='lat' dir='ltr'><strong>componit</strong></span> <span class='ocrx_word' id='word_1_148' title='bbox 841 2698 987 2762; x_wconf 83' lang='lat' dir='ltr'><strong>versibus</strong></span> <span class='ocrx_word' id='word_1_149' title='bbox 1010 2698 1117 2780; x_wconf 83' lang='lat' dir='ltr'><strong>his⁴):</strong></span> <span class='ocrx_word' id='word_1_150' title='bbox 1151 2702 1285 2763; x_wconf 73' lang='lat' dir='ltr'><strong>occurrit</strong></span> <span class='ocrx_word' id='word_1_151' title='bbox 1306 2702 1427 2781; x_wconf 78' lang='lat' dir='ltr'><strong>peaitor</strong></span> <span class='ocrx_word' id='word_1_152' title='bbox 1474 2755 1478 2760; x_wconf 89' lang='lat'>.</span> 
     </span>
     <span class='ocr_line' id='line_1_22' title="bbox 254 2803 1069 2887; baseline 0.002 -18"><span class='ocrx_word' id='word_1_153' title='bbox 254 2805 310 2886; x_wconf 88' lang='lat' dir='ltr'><strong>(sc.</strong></span> <span class='ocrx_word' id='word_1_154' title='bbox 334 2803 424 2868; x_wconf 86' lang='lat' dir='ltr'><strong>Ulixi</strong></span> <span class='ocrx_word' id='word_1_155' title='bbox 448 2803 719 2884; x_wconf 89' lang='lat' dir='ltr'><strong>pulchritudinem</strong></span> <span class='ocrx_word' id='word_1_156' title='bbox 743 2804 883 2869; x_wconf 84' lang='lat' dir='ltr'><strong>filiarum</strong></span> <span class='ocrx_word' id='word_1_157' title='bbox 908 2805 1069 2887; x_wconf 80' lang='lat' dir='ltr'><strong>miranti):</strong></span> 
     </span>
    </p>

    <p class='ocr_par' dir='ltr' id='par_1_9' title="bbox 362 2911 974 2996">
     <span class='ocr_line' id='line_1_23' title="bbox 362 2911 974 2996; baseline 0.005 -23"><span class='ocrx_word' id='word_1_158' title='bbox 362 2911 439 2996; x_wconf 79' lang='lat' dir='ltr'><strong>qaid</strong></span> <span class='ocrx_word' id='word_1_159' title='bbox 461 2913 489 2974; x_wconf 84' lang='lat' dir='ltr'><strong>sc&#39;</strong></span> <span class='ocrx_word' id='word_1_160' title='bbox 512 2919 567 2974; x_wconf 89' lang='lat' dir='ltr'><strong>aat</strong></span> <span class='ocrx_word' id='word_1_161' title='bbox 591 2912 772 2976; x_wconf 90' lang='lat' dir='ltr'><strong>Bacchea</strong></span> <span class='ocrx_word' id='word_1_162' title='bbox 792 2913 974 2994; x_wconf 81' lang='lat' dir='ltr'><strong>ferentes</strong></span> 
     </span>
    </p>

    <p class='ocr_par' dir='ltr' id='par_1_10' title="bbox 254 3019 1427 3425">
     <span class='ocr_line' id='line_1_24' title="bbox 361 3019 1326 3101; baseline 0.002 -20"><span class='ocrx_word' id='word_1_163' title='bbox 361 3020 491 3101; x_wconf 72' lang='lat' dir='ltr'><strong>araia,</strong></span> <span class='ocrx_word' id='word_1_164' title='bbox 514 3019 738 3084; x_wconf 83' lang='lat' dir='ltr'><strong>Palladias</strong></span> <span class='ocrx_word' id='word_1_165' title='bbox 762 3027 831 3083; x_wconf 90' lang='lat' dir='ltr'><strong>aat</strong></span> <span class='ocrx_word' id='word_1_166' title='bbox 855 3023 1003 3084; x_wconf 80' lang='lat' dir='ltr'><strong>circam</strong></span> <span class='ocrx_word' id='word_1_167' title='bbox 1027 3020 1180 3083; x_wconf 69' lang='lat' dir='ltr'><strong>caderis</strong></span> <span class='ocrx_word' id='word_1_168' title='bbox 1203 3020 1326 3084; x_wconf 78' lang='lat' dir='ltr'><strong>aras?</strong></span> 
     </span>
     <span class='ocr_line' id='line_1_25' title="bbox 255 3125 1426 3209; baseline -0.002 -19"><span class='ocrx_word' id='word_1_169' title='bbox 255 3125 314 3190; x_wconf 90' lang='lat' dir='ltr'><strong>etsi</strong></span> <span class='ocrx_word' id='word_1_170' title='bbox 338 3126 398 3190; x_wconf 94' lang='lat' dir='ltr'><strong>hoc</strong></span> <span class='ocrx_word' id='word_1_171' title='bbox 422 3125 493 3188; x_wconf 94' lang='lat' dir='ltr'><strong>loco</strong></span> <span class='ocrx_word' id='word_1_172' title='bbox 517 3147 581 3190; x_wconf 88' lang='lat' dir='ltr'><strong>non</strong></span> <span class='ocrx_word' id='word_1_173' title='bbox 606 3126 698 3209; x_wconf 82' lang='lat' dir='ltr'><strong>orgia</strong></span> <span class='ocrx_word' id='word_1_174' title='bbox 719 3130 845 3207; x_wconf 89' lang='lat' dir='ltr'><strong>spectat</strong></span> <span class='ocrx_word' id='word_1_175' title='bbox 861 3126 1033 3205; x_wconf 86' lang='lat' dir='ltr'><strong>trieterica,</strong></span> <span class='ocrx_word' id='word_1_176' title='bbox 1057 3128 1112 3190; x_wconf 90' lang='lat' dir='ltr'><strong>sed</strong></span> <span class='ocrx_word' id='word_1_177' title='bbox 1126 3126 1220 3190; x_wconf 90' lang='lat' dir='ltr'><strong>ludos</strong></span> <span class='ocrx_word' id='word_1_178' title='bbox 1235 3125 1285 3190; x_wconf 88' lang='lat' dir='ltr'><strong>vel</strong></span> <span class='ocrx_word' id='word_1_179' title='bbox 1301 3131 1426 3206; x_wconf 86' lang='lat' dir='ltr'><strong>specta-</strong></span> 
     </span>
     <span class='ocr_line' id='line_1_26' title="bbox 254 3231 1427 3316; baseline -0.002 -19"><span class='ocrx_word' id='word_1_180' title='bbox 254 3234 327 3297; x_wconf 88' lang='lat' dir='ltr'><strong>cula</strong></span> <span class='ocrx_word' id='word_1_181' title='bbox 343 3231 518 3310; x_wconf 88' lang='lat' dir='ltr'><strong>Bacchica;</strong></span> <span class='ocrx_word' id='word_1_182' title='bbox 544 3233 623 3296; x_wconf 89' lang='lat' dir='ltr'><strong>adde</strong></span> <span class='ocrx_word' id='word_1_183' title='bbox 642 3233 695 3314; x_wconf 91' lang='lat' dir='ltr'><strong>(ad</strong></span> <span class='ocrx_word' id='word_1_184' title='bbox 712 3255 837 3297; x_wconf 87' lang='lat' dir='ltr'><strong>versum</strong></span> <span class='ocrx_word' id='word_1_185' title='bbox 853 3232 962 3298; x_wconf 80' lang='lat' dir='ltr'><strong>Achl</strong></span> <span class='ocrx_word' id='word_1_186' title='bbox 979 3235 1044 3298; x_wconf 84' lang='lat'><strong>593</strong></span> <span class='ocrx_word' id='word_1_187' title='bbox 1064 3240 1091 3296; x_wconf 91' lang='lat' dir='ltr'><strong>et</strong></span> <span class='ocrx_word' id='word_1_188' title='bbox 1109 3234 1261 3316; x_wconf 73' lang='lat' dir='ltr'><strong>riraiaeos</strong></span> <span class='ocrx_word' id='word_1_189' title='bbox 1277 3232 1427 3296; x_wconf 89' lang='lat' dir='ltr'><strong>celebrare</strong></span> 
     </span>
     <span class='ocr_line' id='line_1_27' title="bbox 255 3338 1232 3425; baseline -0.002 -21"><span class='ocrx_word' id='word_1_190' title='bbox 255 3341 361 3404; x_wconf 88' lang='lat' dir='ltr'><strong>choros</strong></span> <span class='ocrx_word' id='word_1_191' title='bbox 384 3340 625 3421; x_wconf 88' lang='lat' dir='ltr'><strong>illustrandum)</strong></span> <span class='ocrx_word' id='word_1_192' title='bbox 649 3338 730 3404; x_wconf 85' lang='lat' dir='ltr'><strong>Aah.</strong></span> <span class='ocrx_word' id='word_1_193' title='bbox 749 3339 765 3404; x_wconf 92' lang='lat' dir='ltr'>I</span> <span class='ocrx_word' id='word_1_194' title='bbox 789 3342 871 3405; x_wconf 82' lang='lat'>208:</span> <span class='ocrx_word' id='word_1_195' title='bbox 900 3342 1053 3425; x_wconf 69' lang='lat' dir='ltr'><strong>cirpiacas</strong></span> <span class='ocrx_word' id='word_1_196' title='bbox 1076 3346 1176 3403; x_wconf 80' lang='lat' dir='ltr'><strong>coetus</strong></span> <span class='ocrx_word' id='word_1_197' title='bbox 1199 3344 1232 3402; x_wconf 87' lang='lat' dir='ltr'><strong>et</strong></span> 
     </span>
    </p>
   </div>
   <div class='ocr_carea' id='block_1_3' title="bbox 256 3463 1321 3656">
    <p class='ocr_par' dir='ltr' id='par_1_11' title="bbox 256 3463 1321 3656">
     <span class='ocr_line' id='line_1_28' title="bbox 256 3463 1321 3530; baseline -0.002 -2"><span class='ocrx_word' id='word_1_198' title='bbox 256 3465 332 3530; x_wconf 86' lang='lat' dir='ltr'><strong>ibid.</strong></span> <span class='ocrx_word' id='word_1_199' title='bbox 354 3467 436 3530; x_wconf 84' lang='lat'>319:</span> <span class='ocrx_word' id='word_1_200' title='bbox 470 3467 566 3530; x_wconf 88' lang='lat' dir='ltr'><strong>hasac</strong></span> <span class='ocrx_word' id='word_1_201' title='bbox 588 3468 670 3529; x_wconf 78' lang='lat' dir='ltr'><strong>later</strong></span> <span class='ocrx_word' id='word_1_202' title='bbox 692 3466 841 3529; x_wconf 78' lang='lat' dir='ltr'><strong>simulare</strong></span> <span class='ocrx_word' id='word_1_203' title='bbox 864 3466 1002 3529; x_wconf 88' lang='lat' dir='ltr'><strong>choros</strong></span> <span class='ocrx_word' id='word_1_204' title='bbox 1029 3472 1056 3529; x_wconf 87' lang='lat' dir='ltr'><strong>et</strong></span> <span class='ocrx_word' id='word_1_205' title='bbox 1080 3464 1224 3528; x_wconf 84' lang='lat' dir='ltr'><strong>bracchia</strong></span> <span class='ocrx_word' id='word_1_206' title='bbox 1248 3463 1321 3527; x_wconf 84' lang='lat' dir='ltr'><strong>lado</strong></span> 
     </span>
     <span class='ocr_line' id='line_1_29' title="bbox 468 3574 903 3656; baseline -0.002 -20"><span class='ocrx_word' id='word_1_207' title='bbox 468 3580 592 3651; x_wconf 84' lang='lat' dir='ltr'><strong>aeetere,</strong></span> <span class='ocrx_word' id='word_1_208' title='bbox 615 3579 695 3654; x_wconf 76' lang='lat' dir='ltr'><strong>acte,</strong></span> <span class='ocrx_word' id='word_1_209' title='bbox 717 3594 810 3656; x_wconf 78' lang='lat' dir='ltr'><strong>praee</strong></span> <span class='ocrx_word' id='word_1_210' title='bbox 834 3574 903 3636; x_wconf 73' lang='lat' dir='ltr'><strong>est?</strong></span> 
     </span>
    </p>
   </div>
   <div class='ocr_carea' id='block_1_4' title="bbox 330 3783 1245 4390">
    <p class='ocr_par' dir='ltr' id='par_1_12' title="bbox 330 3783 774 3854">
     <span class='ocr_line' id='line_1_30' title="bbox 330 3783 774 3854; baseline -0.007 -13"><span class='ocrx_word' id='word_1_211' title='bbox 330 3783 348 3849; x_wconf 85' lang='lat'><strong>¹)</strong></span> <span class='ocrx_word' id='word_1_212' title='bbox 368 3787 402 3841; x_wconf 89' lang='lat' dir='ltr'><strong>cf.</strong></span> <span class='ocrx_word' id='word_1_213' title='bbox 421 3805 446 3840; x_wconf 84' lang='lat' dir='ltr'><strong>v.</strong></span> <span class='ocrx_word' id='word_1_214' title='bbox 467 3786 500 3839; x_wconf 78' lang='lat'><strong>79</strong></span> <span class='ocrx_word' id='word_1_215' title='bbox 520 3803 606 3854; x_wconf 69' lang='lat' dir='ltr'><strong>seqq„</strong></span> <span class='ocrx_word' id='word_1_216' title='bbox 626 3784 678 3840; x_wconf 81' lang='lat'><strong>680</strong></span> <span class='ocrx_word' id='word_1_217' title='bbox 697 3803 774 3854; x_wconf 85' lang='lat' dir='ltr'><strong>seqq.</strong></span> 
     </span>
    </p>

    <p class='ocr_par' dir='ltr' id='par_1_13' title="bbox 331 3871 1245 4210">
     <span class='ocr_line' id='line_1_31' title="bbox 331 3871 675 3943; baseline 0.003 -16"><span class='ocrx_word' id='word_1_218' title='bbox 331 3871 348 3938; x_wconf 77' lang='lat' dir='ltr'><strong>&#39;t</strong></span> <span class='ocrx_word' id='word_1_219' title='bbox 367 3875 436 3930; x_wconf 84' lang='lat' dir='ltr'><strong>Aen.</strong></span> <span class='ocrx_word' id='word_1_220' title='bbox 456 3875 495 3928; x_wconf 90' lang='lat' dir='ltr'><strong>IV</strong></span> <span class='ocrx_word' id='word_1_221' title='bbox 514 3875 564 3928; x_wconf 88' lang='grc'><strong>301</strong></span> <span class='ocrx_word' id='word_1_222' title='bbox 585 3893 675 3943; x_wconf 83' lang='lat' dir='ltr'><strong>seqq:</strong></span> 
     </span>
     <span class='ocr_line' id='line_1_32' title="bbox 473 3966 1109 4032; baseline -0.003 -15"><span class='ocrx_word' id='word_1_223' title='bbox 473 3966 628 4017; x_wconf 82' lang='lat' dir='ltr'><strong>Bacchatur</strong></span> <span class='ocrx_word' id='word_1_224' title='bbox 646 3967 736 4032; x_wconf 81' lang='lat' dir='ltr'><strong>qualis</strong></span> <span class='ocrx_word' id='word_1_225' title='bbox 755 3966 893 4017; x_wconf 82' lang='lat' dir='ltr'><strong>eornmctis</strong></span> <span class='ocrx_word' id='word_1_226' title='bbox 912 3967 999 4016; x_wconf 78' lang='lat' dir='ltr'><strong>excita</strong></span> <span class='ocrx_word' id='word_1_227' title='bbox 1018 3966 1109 4016; x_wconf 80' lang='lat' dir='ltr'><strong>sacris</strong></span> 
     </span>
     <span class='ocr_line' id='line_1_33' title="bbox 473 4054 1245 4122; baseline -0.003 -16"><span class='ocrx_word' id='word_1_228' title='bbox 473 4056 583 4122; x_wconf 73' lang='lat' dir='ltr'><strong>Thyias,</strong></span> <span class='ocrx_word' id='word_1_229' title='bbox 602 4056 648 4106; x_wconf 82' lang='lat' dir='ltr'><strong>abi</strong></span> <span class='ocrx_word' id='word_1_230' title='bbox 666 4056 761 4108; x_wconf 78' lang='lat' dir='ltr'><strong>audita</strong></span> <span class='ocrx_word' id='word_1_231' title='bbox 780 4055 924 4106; x_wconf 82' lang='lat' dir='ltr'><strong>stimulant</strong></span> <span class='ocrx_word' id='word_1_232' title='bbox 940 4055 1119 4105; x_wconf 79' lang='lat' dir='ltr'><strong>trieterica</strong></span> <span class='ocrx_word' id='word_1_233' title='bbox 1138 4054 1245 4104; x_wconf 87' lang='lat' dir='ltr'><strong>Baccho</strong></span> 
     </span>
     <span class='ocr_line' id='line_1_34' title="bbox 473 4143 1200 4210; baseline -0.003 -16"><span class='ocrx_word' id='word_1_234' title='bbox 473 4144 575 4209; x_wconf 79' lang='lat' dir='ltr'><strong>Orpr&#39;a</strong></span> <span class='ocrx_word' id='word_1_235' title='bbox 593 4151 794 4210; x_wconf 81' lang='lat' dir='ltr'><strong>nocturnasque</strong></span> <span class='ocrx_word' id='word_1_236' title='bbox 812 4150 888 4195; x_wconf 82' lang='lat' dir='ltr'><strong>uocat</strong></span> <span class='ocrx_word' id='word_1_237' title='bbox 906 4146 1023 4195; x_wconf 88' lang='lat' dir='ltr'><strong>clamore</strong></span> <span class='ocrx_word' id='word_1_238' title='bbox 1044 4143 1200 4194; x_wconf 78' lang='lat' dir='ltr'><strong>Cithaeron.</strong></span> 
     </span>
    </p>

    <p class='ocr_par' dir='ltr' id='par_1_14' title="bbox 331 4229 629 4300">
     <span class='ocr_line' id='line_1_35' title="bbox 331 4229 629 4300; baseline 0.01 -17"><span class='ocrx_word' id='word_1_239' title='bbox 331 4229 349 4296; x_wconf 75' lang='lat' dir='ltr'><strong>&#39;t</strong></span> <span class='ocrx_word' id='word_1_240' title='bbox 369 4250 438 4287; x_wconf 88' lang='lat' dir='ltr'><strong>vers.</strong></span> <span class='ocrx_word' id='word_1_241' title='bbox 458 4231 510 4285; x_wconf 82' lang='lat'><strong>583</strong></span> <span class='ocrx_word' id='word_1_242' title='bbox 530 4249 606 4300; x_wconf 88' lang='lat' dir='ltr'><strong>seqq.</strong></span> <span class='ocrx_word' id='word_1_243' title='bbox 625 4279 629 4299; x_wconf 40' lang='lat'>4</span> 
     </span>
    </p>

    <p class='ocr_par' dir='ltr' id='par_1_15' title="bbox 330 4319 635 4390">
     <span class='ocr_line' id='line_1_36' title="bbox 330 4319 635 4390; baseline -0.003 -15"><span class='ocrx_word' id='word_1_244' title='bbox 330 4319 348 4386; x_wconf 84' lang='lat'><strong>⁴)</strong></span> <span class='ocrx_word' id='word_1_245' title='bbox 367 4323 435 4375; x_wconf 85' lang='lat' dir='ltr'><strong>Aah.</strong></span> <span class='ocrx_word' id='word_1_246' title='bbox 455 4322 467 4373; x_wconf 90' lang='lat' dir='ltr'>I</span> <span class='ocrx_word' id='word_1_247' title='bbox 487 4321 539 4374; x_wconf 81' lang='lat'><strong>812</strong></span> <span class='ocrx_word' id='word_1_248' title='bbox 559 4339 635 4390; x_wconf 89' lang='lat' dir='ltr'><strong>seqq.</strong></span> 
     </span>
    </p>
   </div>
   <div class='ocr_carea' id='block_1_5' title="bbox 0 0 1660 5034">
    <p class='ocr_par' dir='ltr' id='par_1_16' title="bbox 0 0 1660 5034">
     <span class='ocr_line' id='line_1_37' title="bbox 0 0 1660 5034; baseline 0 0"><span class='ocrx_word' id='word_1_249' title='bbox 0 0 1660 5034; x_wconf 95' lang='lat' dir='ltr'><strong> </strong></span> 
     </span>
    </p>
   </div>
  </div>
 </body>
</html>
