3292 5034
738 455 1060 518 -44-*

260 648 369 716 invita.
417 650 530 714 Altera
561 649 694 714 alterius
724 649 872 735 indulget
896 650 1013 728 amori,
1044 651 1145 714 altera
1175 650 1314 714 libenter
1338 649 1432 712 discit

220 765 224 772 ‘
261 757 301 820 ab
326 757 427 820 altera
451 779 530 841 quas
553 761 713 820 noverunt
736 761 831 822 artes
879 757 977 821 Velut
1001 757 1145 821 Achilles
1169 756 1353 822 Deidamiae

364 883 422 964 fita
446 883 532 966 lyrae
555 886 717 966 tenuesque
739 883 844 946 nendos
868 889 895 946 et
918 885 1060 946 camerina
1083 890 1234 946 nroustrat

317 993 319 996 ’
370 991 512 1054 Oleicouis
536 989 680 1074 ducitque
702 1011 831 1053 manuue
854 990 1025 1074 diqitosque
1048 993 1174 1053 sauciati

367 1097 515 1180 iufriuqit
538 1097 683 1178 citharae,
706 1118 791 1160 auec
814 1104 942 1180 occupat
966 1117 1022 1159 ara
1046 1100 1185 1160 cernentis

367 1211 393 1267 et
416 1205 492 1287 liqut
516 1205 674 1287 ainptecus
698 1211 724 1266 et
746 1205 830 1266 mitte
849 1226 907 1286 per
930 1205 1035 1266 oscula
1059 1205 1179 1268 laicdat.

367 1310 431 1374 Itta
456 1310 552 1374 libeas
575 1311 675 1391 discit,
700 1333 758 1396 quo
782 1314 890 1374 uertice
914 1312 1020 1375 Pelion
1045 1319 1072 1375 et
1096 1315 1165 1397 quis

368 1418 518 1480 Aeacides
539 1420 689 1502 puerique
713 1419 855 1480 auditum
879 1440 989 1482 cronica
1013 1426 1039 1481 et
1063 1427 1150 1482 octies

367 1525 499 1588 adsidue
521 1532 620 1608 stupet
644 1532 670 1588 et
688 1532 880 1607 praesentem
906 1533 1012 1590 cantat
1036 1527 1195 1590 Achillem.

367 1631 391 1696 I
389 1654 464 1716 psa
490 1654 642 1716 quoque
670 1639 696 1695 et
719 1632 839 1695 eolides
858 1633 1002 1716 proferre
1025 1634 1190 1696 iaodestius
1214 1641 1303 1696 artus

335 1772 338 1778 ·
367 1747 393 1802 et
416 1747 544 1802 tenuare
566 1739 659 1803 rudes
683 1741 789 1803 attrito
807 1741 921 1822 podice
944 1742 1037 1804 leuas

368 1847 596 1910 demonstrat
611 1847 666 1923 (sc.
681 1845 815 1927 Achilli)
832 1847 990 1932 reficitque
1013 1849 1092 1911 cotos
1115 1855 1142 1910 ct
1162 1847 1286 1930 perfide
1302 1847 1398 1909 durat

361 1976 462 2038 peasa
485 1954 622 2035 mauu.)

327 2097 397 2173 Qua
421 2097 453 2161 in
478 2119 512 2161 re
536 2097 743 2161 describenda
768 2096 892 2161 Statius
922 2099 1058 2161 fortasse
1088 2104 1163 2161 ante
1187 2097 1296 2160 oculos
1321 2095 1433 2159 habuit

261 2203 405 2268 Bionis
438 2226 566 2279 carmen
598 2227 694 2285 supra
717 2205 900 2284 laudatum,
931 2205 1016 2287 quod
1040 2203 1225 2268 mutilatum
1250 2203 1344 2266 nobis
1367 2225 1433 2266 ser·

260 2315 370 2375 vatum
387 2333 454 2375 esse
471 2311 614 2374 dolemus
626 2311 660 2390 ²),
685 2316 717 2374 et
733 2310 826 2374 Ovidi
844 2317 902 2374 art.
916 2316 1050 2375 amator.
1063 2311 1083 2374 l.
1100 2310 1115 2374 l
1131 2332 1241 2373 versus
1258 2314 1319 2374 aul
1336 2347 1351 2353 -
1370 2312 1432 2373 706

262 2417 356 2501 (quos
380 2418 526 2481 conferas
550 2416 698 2501 quaeso),
729 2417 917 2501 quibuscum
944 2439 981 2480 eo
1006 2417 1180 2493 consentit,
1204 2418 1288 2499 quod
1314 2415 1432 2480 Achilli

261 2524 413 2588 Herculis
446 2525 530 2606 apud
560 2524 740 2604 Omphalen
773 2524 889 2588 tribuit
922 2530 1030 2605 partes
1063 2525 1167 2605 (cuius
1201 2524 1329 2588 fabulae
1362 2545 1432 2587 eum

262 2654 433 2696 memorem
464 2631 563 2696 fuisse
593 2637 728 2712 apparet
761 2631 888 2696 collatis
912 2632 992 2696 Aah.
1018 2655 1097 2697 vers.
1121 2630 1136 2695 I
1161 2634 1234 2708 583,
1258 2632 1322 2694 260
1347 2653 1434 2714 seqq.

265 2746 296 2803 et
320 2738 515 2820 Properti
541 2737 587 2802 lll
616 2740 724 2819 11,20
750 2739 960 2817 Lachmann).
985 2739 1143 2823 aquibus
1167 2744 1275 2802 tamen
1300 2738 1435 2802 discedit

263 2868 299 2909 ea
324 2869 365 2923 re,
396 2846 481 2929 quod
505 2845 664 2910 Achillem
696 2869 761 2910 non
787 2846 891 2909 solum
915 2869 933 2909 a
957 2846 1124 2909 Deidamia
1154 2847 1262 2909 lanam
1294 2850 1434 2910 tractare

338 3111 354 3178 ¹)
374 3115 441 3168 Aen,
462 3116 473 3167 1
494 3087 642 3168 sua-ass.
681 3113 803 3167 seatium
830 3098 1219 3167 imitatur'oiaumanus
1245 3113 1376 3183 (Epithal.
1401 3114 1435 3166 ae

264 3203 370 3272 nuptiis
391 3205 546 3259 Honorii
568 3223 592 3255 v.
615 3205 648 3256 16
668 3205 767 3270 seqqd:

478 3313 573 3378 Scyria
594 3315 634 3363 sic
652 3320 772 3363 tenerum
792 3314 869 3377 uirqo
885 3312 1043 3375 flaianiubat
1064 3313 1203 3378 Archidem,

477 3404 602 3454 Frirudis
621 3403 710 3453 adhuc
729 3419 825 3467 expers
844 3403 1045 3468 bellatricesque
1063 3402 1172 3453 docebat

477 3493 582 3544 Ducere
598 3493 647 3557 fila
666 3509 765 3542 inaures
785 3503 808 3542 ct
827 3509 890 3543 uros:
908 3509 974 3558 quos
993 3493 1104 3543 horruit
1122 3493 1174 3542 Ida

480 3583 647 3635 Thessalicas
667 3599 742 3634 roseo
759 3583 877 3648 pectebat
892 3584 990 3648 pollice
1009 3585 1107 3633 crines.

340 3681 358 3749 ⁹)
377 3687 411 3741 cf.
432 3704 500 3741 vers.
523 3688 553 3740 15
574 3706 650 3755 seqq.
669 3689 734 3742 hos:
752 3687 900 3738 Ιλάνθανε
919 3683 979 3738 δ’ἐν
1004 3686 1116 3753 αώραις
1133 3682 1310 3752 Λυνομηὸἰσι
1325 3693 1439 3749 μοῦνος

268 3775 427 3843 Αχιλλεύς.
452 3776 527 3842 εἴρια
555 3771 646 3828 o'ava'
674 3776 778 3828 ὃπλων
803 3773 976 3828 ε’ἀιὸάονιετο
997 3775 1045 3827 καὶ
1063 3775 1125 3843 χερὶ
1143 3776 1234 3842 λευιιᾷ
1253 3773 1438 3841 admiscenda

263 3859 343 3931 νροιί
369 3865 503 3932 ἀνεῖχεν·
532 3864 671 3931 ἐφαίνετο
698 3861 792 3932 δ’ἠΰιε
813 3864 914 3931 αώρα.
940 3865 988 3916 uel
1007 3864 1066 3932 γὰρ
1084 3865 1149 3915 ἴσον
1167 3863 1267 3930 πήναις
1283 3863 1438 3929 ἀηλύνετο,

265 3953 312 4005 καὶ
331 3953 419 4005 τόσον
438 3955 531 4019 ἀνθος
547 3954 676 4022 χιονέαις
693 3954 831 4022 πόρφυρε
852 3956 972 4021 παραΐσι
991 3954 1039 4005 uei
1058 3953 1091 4005 τὸ
1107 3950 1236 4021 βάδισμα
1254 3953 1439 4027 παρθενικᾶς

262 4039 394 4111 ἐβάδιζε,
421 4042 513 4109 κόμας
537 4039 693 4110 δ’ἐπάααςε
720 4045 889 4111 καλύπτρᾳ.
913 4043 1007 4108 θυμὸν
1033 4039 1168 4109 δ’ἀνέρος
1185 4039 1245 4110 εἶχε
1263 4041 1311 4093 ναὶ
1330 4041 1439 4109 ἀνέρος

262 4128 340 4200 εἶχεν
358 4133 472 4198 ἔρωτα.
499 4132 533 4199 ἐξ
554 4134 627 4198 ἀοῦς
645 4128 721 4184 ἀέπὶ
746 4135 836 4185 νύκτα
860 4134 1001 4200 παρίζειο
1021 4129 1190 4200 Δηιδαμείᾳ,
1214 4133 1263 4184 καί
1283 4148 1358 4183 ποτε
1381 4130 1438 4196 μὲν

264 4221 354 4290 τήνας
379 4222 475 4290 ἐφίλει
500 4221 587 4290 χέρα,
614 4222 742 4274 πολλάκι
772 4216 889 4287 ὁάὐτάς
917 4222 1048 4287 στάμονα
1077 4221 1170 4272 καλὸν
1196 4223 1278 4288 decos
1296 4220 1344 4272 uui
1363 4217 1436 4275 ἀὸἐα

265 4306 372 4365 ὁεὶααν’
391 4312 494 4383 ἐπῄνει
513 4311 615 4382 ἡσθεὶς
633 4313 685 4365 οὐκ
705 4311 781 4380 ἀλλᾳ
801 4311 971 4377 συνομάλικι
991 4327 1015 4362 κ.
1036 4328 1058 4361 τ.
1077 4311 1103 4365 λ,
