3292 5034
761 469 954 529 ..2-

273 660 415 724 carmina
447 660 511 724 iam
547 658 631 726 Stati
666 661 864 742 temporibus
899 661 969 742 ipsa
1003 661 1128 742 perdita
1162 683 1221 725 nec
1257 660 1318 725 nisi
1346 684 1442 742 prosa

273 766 418 832 oratione
454 771 604 848 excerpta
639 765 737 831 fuisse
770 767 844 832 inde
879 769 1065 832 sumendum
1102 790 1170 832 esse
1203 767 1280 831 mihi
1313 767 1441 851 quidem

273 873 407 954 ridetur,
431 875 515 957 quod
541 878 636 955 pocta
660 896 770 938 eorum
793 874 924 939 omnino
942 873 1099 939 rationem
1116 897 1181 938 non
1199 874 1321 940 habuit.
1357 873 1440 939 Nam

272 981 298 1043 si
330 980 472 1044 carmina
502 981 644 1044 numeris
674 985 706 1044 et
736 981 936 1066 argumentis
959 981 1203 1046 Homericorunr
1235 981 1371 1045 maxime
1402 982 1440 1045 ad

272 1087 512 1152 similitudinem
537 1087 721 1151 accedentia
745 1087 849 1152 Statio
874 1091 952 1151 nota
976 1088 1025 1151 vel
1047 1094 1177 1169 praesto
1202 1088 1347 1164 fuissent,
1381 1087 1440 1151 etsi

179 1208 181 1212 '
271 1194 413 1259 Homero
438 1194 498 1276 ipsi
523 1217 587 1258 non
612 1181 839 1259 tribuebantur
862 1195 994 1269 auctori,
1018 1195 1072 1279 qui
1096 1200 1223 1276 poterat
1239 1195 1343 1259 dicere
1359 1194 1388 1275 (l
1405 1196 1440 1275 4)

271 1304 324 1366 sed
342 1303 441 1385 plere
464 1303 603 1366 coeunt?
646 1301 732 1365 Idem
757 1301 891 1366 Homeri
921 1307 1049 1366 tantum
1081 1303 1238 1380 carmina,
1269 1302 1440 1386 qualiued

271 1431 330 1474 nos
364 1403 594 1490 pervenerunt,
629 1431 662 1472 se
697 1409 813 1494 legisse
851 1409 919 1490 ipse
955 1414 1093 1473 testatur
1128 1409 1279 1473 silvarum
1311 1409 1386 1472 libri
1411 1409 1439 1472 V

271 1515 421 1580 carminis
445 1515 492 1580 Ill
522 1514 668 1580 versibus
703 1517 762 1580 146
787 1538 882 1599 seqq.‚
906 1516 961 1579 ubi
992 1515 1193 1596 disciplinam
1226 1539 1245 1579 n
1275 1518 1367 1597 patre
1391 1515 1440 1577 in·

270 1623 416 1688 stitutam
440 1622 589 1687 laudibus
613 1624 704 1687 effert
728 1624 792 1689 his:

376 1757 463 1821 Hinc
485 1757 541 1820 tibi
566 1763 631 1820 ectu
651 1761 790 1840 potrum
804 1757 889 1820 credi
909 1779 1115 1841 penerosoque
1136 1756 1231 1839 prebes

376 1871 403 1928 te
426 1865 575 1952 rnonitore
598 1866 681 1947 regi:
702 1886 800 1927 cruores
823 1871 850 1926 et
870 1864 959 1944 fecte
981 1866 1124 1947 priorum

376 1971 500 2052 discere,
525 1972 607 2055 quis
630 1991 739 2033 cesus
767 1970 915 2048 Troice,
940 1993 1046 2054 quum
1070 1971 1204 2033 turdus
1234 1970 1372 2039 Ulixes,

377 2085 512 2162 queuntes
536 2099 627 2162 equos
645 2099 831 2161 pergensque
856 2079 953 2139 cirum
978 2078 1140 2139 decurrere
1163 2099 1249 2139 uersu

376 2184 609 2248 Maeonides
644 2206 714 2267 eq.
732 2207 754 2264 s.

337 2315 482 2399 Apparet
512 2315 613 2400 igitur
637 2315 776 2381 Statium
808 2315 951 2380 carmina
981 2317 1100 2399 cyclica
1132 2339 1193 2379 non
1227 2316 1289 2378 inm
1312 2315 1438 2397 legisse,

269 2425 322 2487 sed
348 2427 538 2505 argumenta
562 2427 688 2487 tantum
713 2446 809 2505 prosa
827 2423 1015 2504 ,conscripta
1039 2423 1193 2499 oratione,
1221 2421 1329 2505 qualia
1353 2444 1438 2485 com-

270 2529 374 2611 posita
407 2534 499 2594 erant
532 2529 565 2593 in
600 2529 788 2610 compendio
821 2530 877 2594 illo
910 2529 1130 2614 mythologice
1164 2553 1182 2592 a
1208 2529 1321 2592 Rethio
1347 2529 1380 2608 (l.
1405 2528 1438 2609 l.)

269 2637 372 2717 primo
408 2659 434 2701 a.
459 2637 491 2700 O.
525 2659 555 2701 n.
588 2637 716 2700 saeculo
752 2636 928 2713 attributo,
963 2638 1046 2700 unde
1081 2637 1243 2700 fluxerunt
1278 2634 1437 2699 communi

269 2748 432 2826 tamquam
464 2765 501 2806 ex
526 2743 616 2807 fonte
641 2765 722 2826 quae
747 2745 785 2806 ad
811 2766 869 2807 nos
892 2725 1108 2824 peruenerunt
1137 2746 1289 2823 excerpta
1311 2743 1438 2825 mytho·

268 2850 383 2933 logica,
408 2848 657 2931 Apollodori
681 2871 763 2933 quae
788 2854 922 2914 vocatur
946 2848 1209 2913 bibliotheca
1236 2853 1269 2914 et
1292 2848 1438 2934 Hygini

269 2978 350 3040 quae
374 2957 546 3020 traduntur
569 2955 744 3023 fabulae.

336 3062 397 3126 Sed
421 3065 549 3143 praeter
579 3061 669 3126 illurn
695 3062 812 3126 librum
838 3063 1017 3126 fabularem
1042 3062 1135 3126 multi
1160 3062 1214 3125 alii
1239 3063 1322 3125 unde
1346 3061 1438 3127 fabu-

267 3170 371 3235 larum
396 3167 540 3233 hauriret
563 3168 697 3250 copiem
721 3168 829 3232 fontes
853 3173 980 3249 praesto
1005 3173 1098 3232 erant
1121 3171 1244 3249 poetae.
1290 3168 1439 3232 Carmina

268 3275 352 3341 enim
378 3275 434 3339 illa
458 3274 580 3360 cyclica
603 3274 666 3338 iam
692 3276 793 3339 multo
818 3279 894 3339 ante
917 3298 1012 3358 quam
1038 3274 1070 3338 in
1088 3275 1274 3356 compendia
1290 3275 1438 3338 abierunt

268 3526 318 3562 nus
337 3509 391 3563 den
410 3505 576 3575 kyklischen
590 3506 667 3575 Epen
687 3507 757 3575 gibt,
777 3507 996 3575 abgesohrieben
1016 3525 1066 3561 aus
1086 3505 1178 3562 einem
1195 3506 1438 3575 mythologischen

269 3597 433 3662 Handbuch,
453 3597 503 3650 das
523 3596 585 3651 dem
606 3615 658 3651 uns
676 3597 706 3650 in
720 3598 876 3666 Excerpten
895 3597 1059 3651 erhaltenen
1074 3596 1227 3665 Apollodor
1245 3597 1309 3650 sehr
1324 3596 1437 3649 ahnlich

268 3704 334 3740 war.
370 3683 475 3740 Mithin
503 3686 541 3740 ist
569 3686 619 3740 das
648 3687 734 3740 sehon
761 3686 858 3752 ltngst
884 3686 925 3739 als
945 3684 1042 3747 Quelle
1070 3687 1119 3740 des
1139 3685 1255 3740 Proklos
1281 3688 1438 3739 vermutete

268 3774 492 3842 mythologische
512 3774 670 3829 Handbuch
698 3773 739 3828 ale
768 3775 817 3828 das
846 3759 1068 3841 apollodoriscbe
1097 3773 1239 3828 erwiesen.
1277 3770 1374 3826 Damit
1401 3771 1439 3826 ist

268 3863 314 3918 die
334 3863 480 3918 Antoritat
508 3864 557 3918 des
576 3863 692 3917 Proklos
721 3859 869 3930 gestfirzt.“
910 3863 988 3917 Idem
1014 3863 1104 3917 altero
1132 3862 1194 3916 loco
1220 3862 1437 3930 supralaudato

267 3951 375 4006 iudicat
393 3952 480 4006 haec.-
500 3950 561 4019 „cie
580 3956 773 4021 sogenunnten
794 3951 931 4020 Excerpte
949 3953 998 4006 des
1016 3952 1132 4006 Proklos
1151 3949 1214 4004 sind
1233 3970 1286 4005 nur
1304 3950 1351 4006 ein
1370 3952 1438 4004 Aus-

267 4059 321 4108 zug
347 4059 396 4095 aus
421 4041 486 4095 dem
512 4041 756 4109 mythologischen
776 4041 949 4106 Handbuch,
975 4042 1093 4096 welches
1111 4040 1166 4094 mit
1184 4041 1438 4108 Zugrundelegung

268 4130 318 4184 der
336 4131 403 4184 Ilias
432 4129 488 4186 und
507 4131 630 4198 Odyssee
657 4131 714 4184 und
743 4131 812 4185 aller
840 4131 870 4184 in
898 4130 994 4185 diesen
1022 4131 1185 4185 eruhhnten
1207 4130 1346 4198 Episoden
1374 4131 1438 4186 eine

269 4218 481 4285 chronologisch
513 4221 666 4286 gcordnete
697 4212 880 4287 Darstellung
910 4221 959 4273 des
989 4221 1132 4275 troischen
1159 4221 1276 4289 Krieges
1305 4239 1355 4274 aus
1383 4223 1437 4277 den

269 4307 386 4373 librigen
407 4309 483 4377 llpen
503 4309 593 4371 dieses
615 4307 1019 4365 Kreisesuusam=11ensetzte.‘
