3292 5034
735 470 950 535 ...64-

254 659 391 741 femiaea
408 664 523 746 posuit,
551 666 585 728 ia
611 664 721 749 quibas
745 667 875 750 cli'pmam
898 677 925 732 et
947 671 1078 749 hastam,
1102 677 1129 734 et
1152 670 1252 736 sabim
1275 671 1430 739 tibicinem

256 771 346 833 iussit
381 792 490 836 cauere
525 793 743 858 armorumque
777 778 926 858 crepitum
961 785 987 841 et
1021 780 1185 845 clamorem
1220 780 1292 862 fieri
1330 784 1428 847 iussit.

256 878 391 942 Achilles
425 879 536 942 hostem
571 880 733 945 arbitrans
767 882 873 946 adesse
908 892 1015 948 uestem
1049 886 1224 952 muliebrem
1260 888 1429 954 dilaniavit

255 993 344 1069 atque
367 988 496 1070 clipeum
521 995 547 1050 et
569 989 692 1052 hastam
715 992 861 1074 arripuit.
886 1013 924 1054 er·
945 992 1001 1055 hoc
1023 1001 1066 1057 est
1089 997 1234 1078 coquitas.
1273 995 1429 1062 Similiter

255 1092 379 1158 Statius
401 1116 468 1158 rem
493 1098 612 1174 narrat,
636 1095 698 1160 nisi
722 1096 807 1179 quod
832 1095 958 1161 tibicini
975 1121 1091 1163 nomen
1108 1101 1223 1166 tribuit
1239 1102 1427 1188 Agyrtao

255 1206 288 1265 et
311 1201 455 1286 singulas
479 1224 529 1266 res
554 1203 735 1267 accuratius
750 1204 854 1268 nectit
870 1209 902 1268 et
918 1206 1136 1271 scaenicorum
1152 1214 1321 1290 poetarum
1338 1234 1426 1275 more

254 1309 431 1393 legentium
456 1310 506 1374 vel
531 1309 730 1374 audientium
755 1311 879 1375 animos
903 1313 1007 1397 magis
1026 1313 1193 1399 magisque
1210 1315 1348 1380 intendit
1371 1341 1426 1381 ex·

254 1417 548 1501 spectationemque
581 1422 688 1502 auget.
733 1418 883 1483 Fortasse
916 1420 943 1484 ei
972 1420 1005 1483 in
1037 1421 1097 1485 hac
1130 1425 1223 1503 parte
1255 1426 1426 1508 pangenda

253 1525 417 1606 Euripidis
446 1525 557 1589 fabula
580 1524 716 1607 Σκύριοι
748 1547 830 1609 quae
858 1516 1052 1606 inscribitur,
1082 1534 1212 1610 praesto
1236 1536 1306 1594 erat
1329 1555 1425 1614 quam

251 1631 440 1700 imitaretur.
480 1631 601 1696 Versus
618 1633 802 1713 soc-874,
827 1634 880 1697 uhi
903 1634 1016 1700 Ulixes
1031 1636 1192 1702 Achillem
1210 1637 1424 1703 haesitantem

252 1747 424 1824 aggressus
441 1739 547 1804 verbis
563 1739 686 1818 incitat,
704 1739 821 1823 quibus
838 1741 905 1805 eius
921 1748 1052 1825 gentem
1069 1744 1178 1824 prodit
1194 1751 1226 1809 et
1242 1747 1281 1808 ad
1295 1744 1424 1809 Troiam
1460 1728 1466 1737 ’

252 1869 323 1912 eum
347 1847 450 1912 mittit
473 1848 692 1924 evertendam,
724 1849 763 1911 ad
787 1846 908 1911 Ovidi
937 1849 1116 1929 exemplum
1141 1851 1292 1915 videntur
1316 1852 1424 1916 reduci

251 1977 353 2035 posse,
377 1955 475 2039 quil.
500 1956 519 2022 1,
546 1954 672 2020 Ulixem
698 1955 855 2019 dicentem
880 1955 977 2040 fingit
1003 1957 1093 2022 haec:
1119 1958 1201 2021 Nate
1224 1958 1291 2040 elea,
1315 1956 1371 2021 tibi
1393 1981 1424 2023 se

244 2065 391 2146 peritura
402 2063 731 2147 reservaatPerqama.
748 2063 825 2148 qaid
836 2063 961 2127 dictitas
973 2066 1124 2146 laycalem
1136 2072 1264 2129 euertere
1277 2065 1427 2130 Troiam?

250 2171 577 2254 praeterquamquod
595 2171 679 2250 apud
696 2168 875 2234 Ovidium
893 2169 1046 2252 Achillea,
1062 2172 1137 2235 dum
1154 2173 1231 2236 haec
1249 2173 1346 2253 audit,
1358 2173 1420 2237 iam

249 2277 375 2341 hastam
400 2281 432 2340 et
455 2276 593 2357 clipeum
618 2281 720 2355 tenet,
753 2299 823 2340 cum
849 2279 933 2360 apud
964 2276 1146 2363 Statium
1179 2278 1230 2342 his
1253 2280 1359 2344 verbis
1382 2282 1422 2344 ad

250 2407 338 2448 arma
353 2383 506 2464 rapienda
522 2383 675 2447 incitetur
691 2406 795 2467 neque
811 2383 901 2465 prius
917 2406 954 2448 ea
969 2385 1158 2466 prehendat,
1174 2409 1270 2469 quam
1288 2387 1421 2452 classico

250 2491 367 2556 audito.
416 2490 526 2568 Vides,
557 2513 653 2574 quam
687 2490 859 2555 artificiose
882 2490 1006 2555 Statius
1030 2492 1121 2556 dolos
1144 2492 1220 2557 olim
1246 2493 1422 2558 disiunctos

249 2601 366 2677 nectat,
390 2597 436 2662 ita
460 2601 496 2661 ut
520 2598 657 2662 alterum
682 2598 784 2663 altero
809 2602 935 2689 augeat.

314 2705 452 2784 Fabula,
483 2727 564 2789 quae
595 2706 634 2768 ad
665 2704 825 2788 Achillem
850 2705 956 2772 Ulixis
989 2707 1062 2770 dolo
1095 2711 1220 2788 spectat
1252 2709 1420 2788 detectum,

248 2835 312 2876 non
343 2812 447 2876 solum
472 2835 490 2875 a
514 2811 619 2893 poetis
642 2816 674 2875 et
697 2811 852 2877 historiae
884 2812 1041 2878 'fabularis
1065 2813 1276 2896 scriptoribus
1301 2815 1420 2880 tradita

248 2923 296 2983 est
320 2918 506 2993 memoriae,
538 2920 591 2983 sed
616 2919 711 2984 etiarn
744 2920 784 2984 ab
809 2919 987 2986 artificibus
1010 2921 1097 2985 varie
1127 2943 1277 3004 expressa
1305 2922 1420 2986 iudea

186 3012 191 3026 ’
248 3025 430 3110 Polygnoto
455 3049 555 3110 usque
583 3028 622 3091 ad
650 3049 737 3107 eum,
769 3027 823 3111 qui
848 3033 1040 3112 gorytum
1065 3029 1419 3111 Nicopolensemf)

246 3133 301 3216 qui
327 3138 457 3197 vocatur
490 3124 654 3199 caelavit(
680 3133 787 3219 Atque
818 3135 913 3200 huius
936 3136 1065 3220 generis
1095 3142 1304 3202 monumenta
1336 3139 1418 3202 cele-

249 3239 394 3320 berrima,
418 3262 499 3324 quae
516 3240 753 3326 Polygnoto
778 3247 810 3306 et
827 3242 1058 3308 Athenioni
1080 3243 1418 3310 tribuunturMaro-

246 3347 351 3411 uitae
368 3347 553 3412 auctoribus
566 3372 584 3412 a
597 3348 789 3431 Pausania²)
803 3353 835 3414 et
848 3349 954 3414 Plinio
964 3350 1000 3431 ³),
1011 3350 1072 3414 etsi
1084 3356 1288 3431 evanuerunt,
1300 3355 1416 3432 tamen,

246 3453 354 3537 qualia
377 3453 506 3534 fuerint,
531 3456 634 3520 adhuc
653 3460 762 3538 potest
779 3457 939 3541 cognosci,
963 3457 990 3520 si
1006 3457 1131 3541 quidem
1150 3458 1244 3522 fidem
1261 3457 1417 3522 habemus

244 3560 321 3624 viris
346 3560 497 3646 antiquae
522 3563 601 3628 artis
624 3563 834 3645 peritissimis.
874 3565 923 3628 Ex
947 3564 998 3628 his
1014 3565 1099 3629 enim
1115 3566 1277 3629 Rohertus
1301 3570 1333 3629 et
1357 3566 1415 3634 Th.

248 3667 439 3733 Reinachius
463 3676 612 3755 gorytum
638 3671 886 3753 Nicopolensem
917 3673 957 3735 ad
982 3672 1247 3756 Polygnoteae
1271 3671 1416 3753 picturae

244 3773 484 3840 similitudinem
498 3780 616 3843 factam
630 3801 697 3844 esse
711 3779 926 3859 consentiunt,
937 3801 1008 3843 cum
1022 3779 1055 3842 in
1068 3779 1206 3863 singulis
1219 3779 1416 3861 explicandis

320 3970 336 4036 ¹)
356 3974 390 4028 cf.
400 3974 513 4038 Robert‚
521 3975 663 4030 Jahrbuch
674 3977 721 4032 des
733 3977 982 4044 archiologischen
992 3975 1123 4030 institute
1135 3975 1212 4038 1889,
1217 3993 1281 4044 pag.
1290 3977 1340 4028 150
1347 3993 1414 4043 seq,

242 4063 375 4127 Reinach
402 4064 495 4118 Revue
514 4064 730 4134 archaologique
755 4067 822 4120 1896
842 4084 906 4134 pag.
928 4066 978 4119 145
998 4083 1084 4134 seqq,
1103 4064 1173 4128 Birt,
1192 4065 1211 4118 1.
1231 4065 1248 4117 1.
1268 4081 1333 4133 pag.
1352 4064 1413 4118 315.

317 4148 335 4213 'l
354 4153 388 4207 cf.
408 4170 493 4221 supra
512 4157 576 4221 pag.
596 4154 639 4207 41.

316 4238 334 4306 ⁸)
354 4243 482 4296 Natural.
510 4242 614 4297 Histor.
634 4244 743 4307 XXXV,
770 4261 830 4313 cap.
852 4245 903 4298 134
931 4244 1074 4299 Athenion
1097 4247 1194 4312 pinxit
1222 4245 1336 4297 Athenis

242 4333 375 4384 Achillem
392 4334 510 4398 ciryiaia
530 4334 624 4385 habita
645 4336 806 4387 occultatam
831 4335 910 4388 Ulixe
926 4336 1144 4403 deprehendente.
