3292 5034
205 667 481 748 praeceptis¹)
506 667 646 731 Hesiodo
676 667 854 749 tributisss),
885 689 966 750 quae
997 689 1068 731 cum
1093 667 1375 750 Theognideis

207 777 238 837 et
261 759 532 857 Phocylideis
562 772 727 854 componit
751 773 1001 850 lsoc1·ates.³)
1048 773 1171 848 Quibus
1195 775 1375 856 praeceptis

207 880 301 943 etiarn
326 880 445 944 factum
471 903 539 944 esse
555 879 690 957 videtur,
714 884 751 943 ut
771 880 899 961 Chiron
915 879 1043 944 comicis
1067 879 1170 959 poetis
1194 881 1375 961 exemplum

207 987 297 1069 quasi
322 986 468 1070 magistri
494 987 649 1068 sapientis
675 992 706 1052 et
730 987 841 1067 severi,
875 985 1133 1070 ὁποιὸονωνός
1155 987 1227 1047 νοτ)
1251 985 1376 1074 ἐξοχὴν

206 1093 385 1173 haberetur,
401 1094 489 1157 velut
508 1095 626 1159 Plato
649 1095 788 1159 comicus
806 1095 992 1172 Damonem,
1011 1094 1065 1177 qui
1084 1093 1237 1158 Periclem
1255 1095 1376 1159 musica

149 1267 152 1274 ,
207 1205 275 1264 arte
306 1200 482 1264 instituisse
514 1201 653 1265 traditur
664 1201 699 1282 ⁴),
724 1201 828 1282 carpit
853 1202 903 1265 his
914 1203 957 1282 15);
991 1201 1212 1281 πρῶτονμὲν
1236 1197 1297 1262 οὖν
1318 1222 1376 1279 μοι

205 1304 318 1385 λέξον,
328 1306 496 1387 ἀντιβολῶ
508 1330 514 1343 ·
528 1308 570 1369 οὺ
580 1309 649 1391 γάρ
666 1310 714 1387 ὥς
730 1324 812 1391 φασι
827 1307 985 1389 Χείρων
1001 1306 1196 1390 ἐξέθρεψας
1207 1306 1377 1389 Περικλέα

207 1418 239 1477 et
277 1412 448 1495 Χείρων
485 1415 641 1496 inscripta
675 1415 737 1479 fuit
775 1416 886 1479 tabula
925 1415 1247 1495 Pherecratisu,
1286 1415 1377 1479 cuius

208 1543 356 1606 magnam
397 1528 519 1603 partem
560 1523 603 1585 od
640 1525 718 1585 uitis
756 1525 891 1586 musicae
930 1524 1177 1606 depracationem
1216 1523 1376 1603 pertinere

208 1629 389 1692 Kockius
421 1629 624 1692 manifestum
656 1652 723 1693 esse
748 1631 890 1696 adnotat.
938 1629 1084 1713 Denique
1115 1629 1312 1693 Cratinus
1343 1629 1376 1692 in

207 1735 317 1798 fabula
351 1733 525 1815 Χείρωνος
560 1758 641 1818 (quaa
676 1736 834 1817 inscripta
869 1741 951 1814 erat,
987 1736 1117 1800 chorum
1155 1735 1376 1799 Chironum

208 1841 342 1920 induxit,
364 1850 396 1905 ut
419 1843 535 1906 ciuibus
554 1850 720 1926 praccepta
744 1843 909 1906 liberorum
929 1851 1005 1906 recte
1028 1844 1258 1906 educandorum
1284 1850 1311 1906 et
1332 1844 1377 1904 rei

203 1948 347 2032 publicae
357 1950 531 2032 purulenta·
554 1950 826 2026 oduciuz'stroudoc
847 1950 975 2031 careus)
1011 1948 1103 2013 Unde
1121 1956 1264 2030 apparet,
1280 1972 1376 2033 quam

209 2060 303 2119 notus
335 2055 434 2119 fuerit
458 2055 576 2119 Chiron
601 2078 671 2120 cuni
697 2056 831 2120 aliarum
857 2061 924 2119 turn
949 2056 1028 2119 artis
1053 2056 1190 2120 musicae
1216 2056 1377 2139 magister,

208 2163 334 2245 qualem
351 2185 421 2226 euin
437 2162 623 2227 describunt
635 2167 748 2244 poetae
763 2163 975 2246 Romaniqui
992 2166 1067 2226 ante
1080 2156 1217 2227 Statium
1238 2164 1377 2242 fuerunt,

208 2268 295 2332 velut
327 2267 553 2349 Ovidium),
584 2268 746 2334 Seneca.
759 2272 785 2344 ⁹)
832 2270 900 2333 Nec
931 2271 1036 2334 minus
1066 2270 1200 2334 celebris
1223 2270 1286 2333 fuit
1310 2270 1384 2357 eius

209 2375 420 2439 medicinae
437 2374 619 2454 scientiam)
634 2377 707 2440 inde
724 2377 763 2440 ab
780 2375 1003 2456 Homero¹¹),
1020 2381 1052 2440 et
1068 2378 1204 2440 venandi
1222 2376 1377 2440 exercita-

208 2483 328 2546 tionem
359 2504 429 2545 eurn
455 2484 569 2546 heroas
594 2483 685 2566 quasi
709 2484 850 2547 bellandi
874 2484 1074 2564 praeludium
1099 2484 1243 2548 docuisse
1268 2489 1378 2547 narrat

255 2787 264 2808 ⁰
283 2801 299 2867 ¹)
313 2805 389 2870 Quae
403 2802 558 2871 Χείρωνος
570 2803 715 2871 ὑποθῆκαι
728 2809 901 2874 quantopere
914 2806 1037 2860 usitatae
1050 2807 1157 2860 fuerint
1169 2807 1244 2874 apud
1257 2807 1377 2861 Graecos

207 2894 236 2946 in
255 2894 348 2961 pueris
374 2896 404 2948 et
423 2893 569 2961 iuuenibus
594 2892 777 2948 instituendis
797 2895 879 2949 docet
900 2895 1011 2963 pictura
1030 2894 1104 2948 vasis
1123 2895 1267 2949 cuiusdam
1288 2895 1376 2950 Attici

209 2982 506 3051 (Daremberg-Saglio,
526 2982 719 3036 Dictionnaire
740 2983 787 3037 des
806 2982 961 3050 antiquitas
980 3001 1114 3052 grecques
1128 2987 1157 3038 et
1170 2984 1309 3038 romaines
1323 2988 1376 3039 etc.

211 3071 264 3124 vol.
285 3072 311 3124 ll
330 3089 396 3139 pag.
415 3071 476 3135 469,
497 3072 542 3139 fig.
562 3071 649 3134 2600),
676 3071 724 3124 ubi
744 3071 955 3139 conspiciuntur
973 3073 1087 3127 iuvenes
1106 3074 1170 3137 duc,
1189 3073 1239 3141 qui
1258 3074 1377 3126 audiunt

208 3160 324 3214 tertium
344 3161 494 3230 legentem,
514 3163 581 3214 ante
601 3177 683 3227 quem
702 3161 796 3228 posita
815 3165 859 3215 est
878 3160 956 3225 cista,
976 3179 1048 3230 quae
1067 3161 1153 3216 libros
1173 3163 1300 3217 continet
1313 3182 1376 3217 cum

208 3250 278 3303 alios
298 3252 358 3303 tum
378 3268 464 3302 unum
484 3249 533 3316 qui
552 3248 714 3303 inscribitur
734 3247 944 3303 ΧΙΡΟΝΕΙΑ.
982 3251 1016 3304 cf.
1036 3251 1105 3315 Birt,
1125 3251 1142 3304 l.
1162 3252 1180 3304 l.
1199 3270 1264 3319 pag.
1286 3253 1345 3306 148.

283 3333 300 3396 'l
321 3338 354 3392 cf.
375 3334 484 3392 Rzach'
503 3339 603 3406 fragm.
625 3339 773 3394 170—173.

282 3424 301 3490 ⁸)
321 3428 357 3481 ad
376 3426 481 3482 Nicocl.
500 3427 535 3480 43
629 3426 753 3494 καὶγὰρ
772 3429 893 3492 τούτους
916 3429 962 3490 (sc.
987 3428 1148 3492 Hesiodum,
1175 3429 1375 3495 Theognidem,

209 3516 400 3584 Phocylidem)
418 3516 490 3583 φασὶ
506 3516 563 3580 μὲν
582 3517 719 3583 ἀρίστους
735 3518 913 3585 γεγενῆσθαι
934 3517 1118 3584 συμβούλους
1136 3525 1175 3585 τῷ
1194 3518 1249 3585 βίῳ
1263 3525 1303 3585 τῷ
1317 3524 1377 3569 τῶν

209 3604 380 3672 ἀνθρώπων
398 3621 423 3656 u.
443 3623 466 3656 τ,
485 3606 511 3657 λ.

283 3691 302 3757 ⁴)
321 3695 356 3749 cf.
375 3695 564 3750 Plutarch.
585 3695 635 3750 vit.
655 3696 752 3751 Pericl.
773 3715 832 3765 cap.
853 3697 900 3749 lV.

283 3780 301 3847 ‘l
321 3784 349 3838 Ο.
369 3784 402 3836 A.
421 3785 450 3838 F.
470 3784 482 3836 Ι
503 3785 551 3838 191
573 3785 615 3839 ed.
634 3786 721 3839 Kock.

283 3869 300 3934 ⁶)
320 3873 354 3926 cf.
373 3873 441 3927 ibid.
460 3891 525 3942 pag.
545 3875 605 3929 187.

284 3958 301 4026 1)
320 3963 354 4016 cf.
375 3964 453 4018 Kock
471 3982 536 4032 pag.
555 3965 597 4018 82.

285 4047 302 4114 ⁸)
321 4052 390 4106 artis
409 4058 495 4108 amat.
516 4055 527 4107 I
548 4054 661 4119 11-17,
681 4055 777 4108 fastor.
797 4054 822 4107 V
842 4055 893 4108 385
913 4072 988 4122 seqq.

284 4138 301 4204 ’l
320 4143 421 4201 l'road.
443 4144 495 4197 830
515 4161 592 4212 seqq.

271 4227 301 4295 ¹⁰)
321 4232 388 4285 hch.
409 4234 420 4285 l
441 4233 589 4286 116-118.

272 4317 302 4385 ¹¹)
322 4322 355 4375 cf.
376 4321 401 4372 A
422 4323 474 4376 830
493 4341 568 4390 seqq.
