3292 5034
735 481 953 543 „12-

260 673 468 738 Adiciendum
495 679 543 738 est
567 675 598 739 in
616 675 744 738 vasculo
762 675 818 738 illo
834 676 918 758 quod
940 675 1276 761 ,Frarrcoisvase“
1297 680 1429 739 vocatur

259 781 465 846 celeberrimo
482 782 577 846 etiam
597 781 735 864 Μοίρας
751 783 800 845 vel
820 783 936 846 Parcas
955 782 1096 863 conspici
1113 782 1146 844 in
1162 804 1280 862 ponrpa
1297 782 1429 845 deorum
1480 825 1483 830 .

259 890 452 972 dearumque
477 888 613 970 nuptiali
639 888 866 973 ingredientes
890 910 953 953 nou
979 893 1086 952 tamen
1108 887 1280 951 verisimile
1303 892 1352 951 est
1376 911 1430 951 eas

258 985 326 1058 fata
342 1001 493 1060 canentes
509 997 597 1080 fingi,
614 997 699 1079 quod
717 1019 832 1060 munus
848 996 964 1060 artifex
977 995 1078 1059 Musis
1094 994 1172 1077 ipsis
1189 1017 1258 1058 cum
1277 994 1429 1076 Apolline

258 1101 481 1181 praesentibus
513 1103 638 1167 videtur
661 1103 862 1184 ‚tribuisse.¹)
912 1103 1002 1168 Unde
1035 1102 1109 1166 licet
1142 1102 1331 1166 concludere
1364 1102 1429 1165 tale

258 1208 343 1290 quod
367 1209 562 1288 vaticinium,
587 1210 681 1293 quale
706 1210 844 1291 amplius
869 1214 980 1273 narrat
1001 1208 1191 1290 catullus2),
1215 1208 1279 1272 iam
1303 1208 1334 1272 in
1359 1231 1429 1272 car-

258 1314 343 1379 mine
368 1315 525 1380 Hesiodea
550 1316 711 1397 proditum
737 1317 836 1381 fuisse
861 1318 901 1381 ab
927 1316 1086 1398 Apolline.
1133 1315 1256 1380 Statius
1279 1316 1338 1379 etsi
1363 1338 1428 1379 rem

258 1425 382 1486 tantum
401 1422 533 1507 stringit
550 1446 652 1507 neque
670 1445 728 1504 pro
742 1429 829 1488 certo
843 1424 905 1488 dici
919 1428 1035 1505 potest,
1048 1445 1218 1506 quemnam
1232 1421 1429 1487 intellexerit

258 1529 495 1609 vaticinantem,
520 1534 636 1611 tamen,
661 1554 731 1596 cunr
754 1531 788 1610 in
805 1531 920 1596 ceteris
936 1531 1110 1596 servaverit
1126 1532 1261 1595 formam
1279 1529 1428 1593 Hesio-

258 1637 384 1716 deam‚
420 1637 448 1700 ei
484 1638 669 1703 vaticinium
707 1661 833 1722 quoque
869 1639 1072 1703 obversatum
1109 1661 1176 1701 esse
1212 1636 1429 1718 Apollinis

334 1831 351 1896 ¹)
371 1835 405 1888 cf.
425 1834 608 1899 Baumeister‚
629 1835 746 1888 Dcnlrm.
768 1835 819 1888 vol.
833 1837 873 1888 lll
892 1853 955 1903 pag.
969 1836 1037 1889 1799
1051 1852 1136 1902 seqq,
1156 1833 1222 1887 ibiu.
1237 1834 1295 1887 tao.
1307 1832 1429 1885 LXXlV.

333 1919 350 1985 ⁹)
371 1942 455 1978 carm.
475 1924 517 1988 64,
532 1924 584 1978 323
603 1943 689 1992 seqq„
709 1943 791 1992 quem
812 1926 905 1979 locum
919 1925 1011 1978 Statio
1032 1925 1210 1978 observatum
1224 1939 1284 1976 esse
1297 1920 1428 1975 Achillei·

259 2013 308 2066 dos
329 2012 390 2066 libr.
405 2015 417 2066 Ι
431 2033 454 2066 v.
469 2014 503 2067 84
523 2032 598 2081 seqq.
619 2014 755 2081 pangenti
776 2014 930 2068 verisimile
950 2015 982 2067 fit
996 2012 1120 2067 versibus
1139 2011 1169 2065 in
1188 2010 1428 2079 comparationem

261 2102 438 2167 coemistis,
458 2121 527 2171 quos
546 2104 597 2157 sub
616 2122 671 2156 uuo
691 2120 794 2169 ponam
814 2105 980 2170 conspectu:

288 2201 295 2210 ’
385 2225 487 2280 cacum
507 2227 549 2290 cr,
570 2227 621 2280 343
641 2245 718 2294 seqq.
979 2227 1052 2282 sau
1072 2227 1139 2280 Aah.
1161 2228 1171 2278 1
1191 2227 1225 2280 84
1245 2243 1321 2293 seqq.

258 2391 319 2442 Noa
338 2391 382 2441 illi
401 2391 465 2441 bello
484 2391 625 2455 qaisquam
652 2407 680 2442 se
699 2391 815 2454 corrferet
871 2407 946 2457 quem
960 2396 988 2442 ta
1001 2392 1060 2442 illie
1071 2397 1166 2442 aeterra
1180 2390 1257 2455 Siyeo
1270 2391 1300 2440 in
1308 2389 1429 2454 paleare,

521 2480 601 2530 beros
1136 2484 1239 2545 precata

263 2570 328 2618 Cara
344 2569 479 2634 Pbryyi
487 2570 497 2618 i
515 2569 646 2620 Teucro
665 2568 815 2618 enarrabant
870 2571 986 2635 aspicies
1009 2571 1108 2620 victrix
1134 2569 1358 2633 Pbrppiaram
1375 2565 1429 2628 fa·

521 2659 685 2722 serapaiae
707 2659 815 2723 canapi
1137 2673 1218 2708 aera
1239 2661 1393 2717 matram,

870 2765 930 2799 eura
943 2753 1007 2798 tatia
1016 2748 1147 2798 Aeacides
1160 2747 1249 2811 tepido
1263 2745 1340 2795 modo
1353 2760 1429 2794 aare·

203 2840 242 2877 34⁸
256 2835 337 2884 Illius
351 2836 469 2900 eprepias
483 2836 594 2885 virtutes
607 2836 815 2902 ciaraqaefacta
1135 2836 1234 2899 perine
1257 2833 1399 2884 Teercros

257 2923 340 2988 Saepe
358 2923 518 2986 fatebantur
534 2929 679 2990 anctorum
703 2926 739 2975 ia
760 2925 814 2988 fa·
871 2926 985 2976 undabit
997 2941 1139 2989 carupos,
1157 2924 1234 2974 ruodo
1246 2938 1343 2973 crassa
1355 2923 1430 2972 exire

522 3028 598 3063 aere
617 3019 740 3064 rrratres
1138 3013 1232 3062 vetabit
1247 3011 1364 3074 {iuratae

202 3195 241 3233 35⁷
261 3190 345 3240 ibatis
365 3191 417 3240 erit
440 3191 547 3255 arapais
571 3190 715 3241 virtutibus
740 3193 815 3242 arida

523 3279 695 3344 Scamandri,

355 3368 433 3418 cerias
464 3369 518 3418 iter
547 3369 634 3419 caesis
664 3375 815 3433 amplectans

522 3473 638 3522 corpora
658 3460 761 3508 acerris

259 3546 322 3596 Alta
353 3546 490 3610 tepefaciet
527 3547 665 3611 permixta
699 3546 815 3609 flaccina

521 3636 606 3687 caede.
840 3618 843 3681 l

481 3796 493 3824 *
532 3796 545 3825 *
583 3796 596 3824 ⁹⁶
871 3803 894 3847 et
914 3792 1043 3848 Hectoreo
1065 3795 1186 3846 tardabit
1203 3794 1300 3857 funere
1318 3809 1427 3846 curras.

256 3971 341 4025 Vides
370 3989 413 4024 ros
441 3973 556 4026 bellicas
584 3991 601 4025 a
618 3973 709 4026 Statio
732 3979 905 4029 memoratas
928 3991 1023 4028 omnes
1046 3973 1120 4040 apud
1144 3972 1285 4025 Catullum
1307 3970 1428 4025 inveniri

257 4064 369 4128 praeter
388 4062 517 4115 Hectoris
543 4062 673 4126 caedem,
699 4081 783 4130 quam
811 4082 871 4118 rem
891 4063 1101 4118 celeberrimam
1121 4080 1138 4115 a
1158 4060 1268 4114 Catullo
1295 4060 1428 4114 omissam

255 4168 315 4205 esse
335 4151 439 4204 mirum
458 4155 509 4206 est.
547 4153 627 4208 Unde
646 4152 840 4207 Schwabio
860 4151 999 4207 assentior
1017 4151 1065 4219 qui
1082 4153 1147 4218 post
1160 4169 1185 4202 v.
1196 4151 1246 4204 361
1270 4169 1339 4218 ,aon
1351 4153 1429 4203 nulla

255 4243 287 4294 de
304 4243 419 4294 Hectore
445 4244 480 4294 ab
498 4244 603 4296 Achille
623 4245 762 4310 interfecto
782 4246 913 4297 eccidisse
932 4245 997 4297 Luc.
1019 4243 1182 4297 Muellerum
1197 4243 1430 4310 probabiliter

254 4328 414 4386 coniecisse“
435 4333 563 4387 adnotat.
