3292 5034
718 450 933 518 —36-⁴

238 645 351 714 deinde
386 645 627 716 medicinam
645 650 679 731 ¹),
714 672 849 733 quarum
887 649 1004 714 artium
1041 649 1145 731 ipsum
1180 643 1409 731 peritissimum

239 758 418 841 antiquitus
449 757 531 822 tradi
557 780 656 838 supra
680 756 856 837 vidimusfl)
903 757 984 821 Tum
1017 757 1141 821 artibus
1171 758 1411 839 palaestrae

239 888 308 930 eum
334 865 522 946 instituitssl,
546 865 637 929 cuius
661 863 848 945 disciplinae
865 864 925 928 etsi
945 869 1020 929 ante
1036 863 1176 929 Statium
1193 863 1330 948 vestigia
1346 885 1410 926 non

239 972 447 1037 inveniuntur
473 1008 511 1016 -
546 994 620 1034 nam
644 971 700 1055 qui
723 971 847 1051 primus
870 994 940 1036 eam
965 994 1112 1053 expresse
1132 970 1264 1036 Chironi
1288 969 1411 1048 tribuit,

239 1079 435 1144 Sidonius
465 1077 735 1159 Apollinaris
769 1077 910 1143 Statium
941 1084 1051 1160 aperte
1075 1078 1222 1143 imitatur
1245 1100 1341 1142 carm.
1364 1075 1412 1141 IX

239 1211 266 1252 v.
294 1190 355 1251 114
380 1207 466 1269 seqq.
491 1189 523 1249 et
551 1189 612 1250 130
636 1208 739 1270 seqq:

400 1328 472 1393 Nou
495 1329 545 1392 hic
570 1329 734 1393 Maeoniae
756 1330 828 1393 stilo
854 1329 1006 1394 Camenae

392 1438 474 1524 'civis
497 1436 699 1521 Dulichiique
728 1437 934 1521 Thessalique,

401 1565 532 1627 quorum
554 1543 603 1606 hic
627 1542 683 1623 (so.
707 1541 894 1625 Thessalus)
917 1545 1041 1608 Peliaco
1059 1550 1194 1626 putatur
1216 1550 1308 1606 autre

399 1657 561 1730 acuatu,
581 1650 757 1732 fiditur,
778 1653 996 1734 palaestra
1019 1659 1046 1714 et
1068 1650 1204 1714 herbis

399 1756 455 1820 sub
479 1757 690 1841 Saturuipeua
713 1779 783 1821 seue
806 1760 967 1822 institutus

241 1923 266 1968 e.
280 1925 308 1984 q.
322 1923 346 1966 s.
363 1937 414 1978 -,
438 1905 545 1963 tamen
570 1922 638 1963 eam
663 1923 727 1965 non
745 1924 763 1964 a
780 1900 885 1965 Statio
902 1923 970 1965 esse
986 1905 1138 1965 novatam
1155 1899 1228 1964 inde
1244 1899 1321 1963 licet
1337 1921 1413 1963 con-

241 2009 376 2086 cludere,
389 2007 474 2090 quod
488 2007 680 2092 anaglyphis
693 2007 884 2092 quibusdam
897 2007 1161 2090 sepulcralibus4)
1174 2005 1412 2071 meditationem

241 2112 358 2201 πάλης,
382 2116 561 2200 σκιομαχία
586 2137 667 2197 quae
700 2119 840 2189 vocatur,
871 2137 1053 2196 expressam
1085 2137 1153 2178 esse
1184 2112 1307 2195 primus
1335 2111 1415 2176 vidit

241 2220 455 2300 Michaelis,
480 2221 569 2284 cuius
585 2220 885 2302 interpretationem
902 2224 1073 2285 firmarunt
1089 2219 1414 2300 Overbsokiusl)

242 2334 274 2394 et
305 2328 514 2392 Robertus
546 2327 655 2410 (1.1.);
687 2352 769 2412 quae
800 2329 986 2414 anaglypha
1016 2328 1077 2393 etsi
1107 2328 1177 2410 ipsa
1201 2328 1340 2392 secundo
1365 2326 1415 2390 vel

127 2427 128 2430 ¹
241 2435 338 2499 tertio
362 2458 392 2515 p.
409 2433 440 2499 Ο.
461 2458 490 2498 n.
515 2435 640 2499 saeculo
665 2436 877 2520 sarcophagis
900 2437 1061 2517 insculpta
1081 2457 1149 2499 esse
1164 2433 1416 2518 archaeologicis

243 2546 377 2623 apparet
409 2541 605 2620 rationibus,
635 2545 744 2607 tamen
769 2543 908 2607 artifices
931 2542 1112 2606 fabularum
1139 2543 1322 2620 materiam,
1353 2540 1415 2604 nisi

243 2648 388 2728 exempla
411 2647 513 2711 secuti
536 2653 612 2712 sunt
631 2651 748 2730 priora,
773 2672 789 2714 e
805 2650 897 2714 libris
914 2649 1086 2732 sumpsisse
1101 2649 1304 2714 fabularibus
1319 2671 1415 2732 quam

243 2757 424 2821 ecarmine
457 2756 604 2822 Statiano
636 2758 738 2822 multo
764 2757 969 2822 verisimilius
1000 2779 1068 2821 esse
1099 2757 1185 2821 infra
1216 2758 1416 2820 demonstra-

243 2864 357 2930 bimus.
403 2864 516 2948 Itaque
547 2865 718 2928 statuimus
742 2864 880 2930 Statium
905 2886 972 2928 rem
996 2887 1013 2928 e
1037 2863 1133 2928 simili
1157 2863 1248 2928 fonte
1273 2862 1416 2926 hausisse

244 2970 336 3034 nobis
360 2969 534 3052 deperdito.
567 3009 605 3017 -
641 2971 788 3055 Denique
812 2970 936 3050 omnia,
968 2993 1049 3055 quae
1081 2972 1119 3034 ad
1152 2993 1256 3035 mores
1279 2968 1416 3033 Achillis

242 3077 427 3141 formandos
443 3077 573 3142 Chironi
590 3077 713 3142 Statius
730 3078 886 3159 tribuis),
902 3079 941 3141 ad
958 3077 1154 3142 Chironis
1171 3099 1252 3160 quae
1273 3076 1415 3140 Hesiodo

320 3342 336 3407 ¹)
356 3345 383 3398 Π
404 3344 553 3398 159-162.

319 3447 336 3514 '1
357 3452 391 3506 cf.
410 3469 474 3520 pag.
495 3452 538 3505 31.

319 3555 329 3582 ⁸
356 3560 382 3611 Il
404 3560 469 3613 154:

329 3561 337 3622 t
401 3651 502 3715 procul
523 3649 643 3702 Oebalios
662 3651 692 3701 ia
710 3651 805 3702 nubila
825 3653 938 3702 condere
956 3653 1068 3704 discos

405 3739 581 3804 aliquidaut
600 3740 703 3790 nodare
716 3741 818 3805 palea
839 3746 862 3791 et
880 3757 1010 3806 eparpere
1029 3746 1185 3806 caestus,

245 3827 279 3880 cf.
300 3827 310 3878 Ι
330 3826 373 3890 40,
394 3825 445 3880 632
465 3844 541 3894 seqq.

319 3929 338 3995 ⁴)
358 3934 392 3988 cf.
405 3933 519 3998 ltobert,
532 3933 637 3989 Antike
650 3935 910 4002 Sarkophagreliefs
925 3938 960 4001 ll,
968 3938 1014 4004 fig.
1029 3937 1098 4002 201),
1112 3937 1143 3991 21
1154 3938 1181 4002 b,
1191 3937 1224 3989 22
1233 3955 1258 3999 a,
1270 3937 1304 3990 23
1313 3938 1340 4000 b,
1352 3937 1386 3990 24
1395 3954 1418 3990 c.

320 4035 337 4101 ‘t
358 4039 469 4095 Galeria
487 4042 646 4096 heroisoher
665 4042 821 4097 Bildwerlre
841 4044 853 4096 I
872 4061 936 4111 pag.
956 4044 1008 4098 285
1027 4063 1069 4098 nr.
1088 4045 1113 4098 8.

320 4141 330 4169 ,
520 4166 525 4180 .

330 4156 338 4209 l
358 4147 392 4200 Οἱ
413 4147 438 4199 H
460 4148 525 4204 163⁸
547 4224 716 4289 inanitusque
734 4239 831 4275 sacrae
849 4223 898 4275 cub
912 4230 1021 4289 pectore
1036 4225 1099 4290 fixit

548 4313 679 4363 iustitiae.
