3292 5034
694 1085 850 1187 Gaput
878 1086 962 1167 IV:

457 1315 522 1374 De
546 1312 714 1374 Achille
737 1312 878 1374 Ulixis
902 1312 1004 1372 dolo
1027 1312 1211 1374 detecto.

312 1516 435 1581 Ultima
470 1513 698 1596 disputationis
733 1519 826 1594 parte
861 1534 956 1597 agere
992 1514 1085 1577 nobis
1120 1514 1346 1596 proposuimus
1379 1514 1417 1577 de

246 1624 373 1689 Achille
400 1622 505 1687 Ulixis
537 1621 618 1686 dolis
651 1622 778 1685 detecto
813 1625 845 1684 et
877 1643 959 1704 quae
991 1621 1076 1684 hunc
1109 1620 1211 1685 totius
1243 1621 1416 1706 fragmenti

245 1731 337 1816 quasi
368 1730 528 1794 cardinem
560 1735 592 1792 et
622 1729 818 1810 praecedunt
847 1733 880 1790 et
903 1735 1090 1811 sequuntur.
1137 1728 1246 1812 Atque
1278 1729 1417 1810 primum

247 1839 372 1922 quidem
397 1817 548 1902 carminis
568 1841 802 1921 argumentum,
827 1835 1065 1918 quatenushuc
1081 1840 1215 1916 spectat,
1236 1835 1348 1917 paucis
1364 1837 1419 1899 ad-

245 1945 474 2023 umbrabimus,
498 1944 610 2009 deinde
634 1966 697 2026 qua
721 1943 845 2006 ratione
867 1947 963 2022 poeta
980 1943 1107 2006 fabulas
1124 1943 1261 2007 traditas
1276 1945 1309 2007 in
1326 1967 1416 2008 usum

135 2109 136 2112 ,
245 2075 336 2116 suum
370 2049 563 2116 converterit
595 2071 739 2133 quaeque
772 2049 940 2112 novavisse
971 2049 1118 2113 videatur
1150 2050 1331 2115 accuratius
1364 2075 1417 2116 ex-

245 2181 409 2241 ponemus.

312 2265 427 2349 Itaque
443 2269 479 2328 ut
492 2285 664 2346 pergamus
678 2263 760 2326 unde
775 2262 980 2326 constitimus
993 2262 1026 2326 in
1040 2270 1231 2348 argumento
1244 2265 1419 2341 referendo,

246 2375 319 2437 dum
345 2371 490 2436 Achilles
514 2368 650 2452 virginis
674 2369 788 2432 habitu
812 2369 846 2432 in
871 2369 970 2452 Scyro
995 2370 1102 2434 insula
1125 2376 1270 2436 versatur
1294 2376 1326 2435 et
1343 2369 1418 2434 Dei-

247 2481 371 2544 damiae
396 2477 626 2542 consuetudine
650 2476 770 2540 fruitur
793 2476 930 2557 furtiva,
959 2477 1072 2542 Graeci
1097 2501 1207 2542 omnes
1231 2478 1271 2541 ab
1296 2477 1419 2540 Atridis

247 2587 343 2652 exciti
366 2585 487 2650 bellum
512 2589 628 2665 parant
652 2589 684 2648 et
703 2583 853 2648 Aulidem
878 2585 1084 2649 conveniunt.
1123 2585 1209 2649 Anni
1231 2585 1418 2670 fereyspatio

248 2698 378 2774 peracto
413 2698 583 2776 postquam
617 2690 727 2770 copiae
760 2695 890 2755 coactae
921 2697 996 2755 sunt
1029 2696 1062 2755 et
1086 2693 1286 2776 Agamemno
1319 2692 1419 2756 totius

247 2800 405 2864 exercitus
438 2798 609 2880 capessivit
642 2798 826 2878 imperium,
858 2821 969 2863 omnes
1001 2799 1183 2864 desiderant
1214 2807 1246 2865 et
1268 2801 1419 2883 flagitant

247 2907 406 2971 Achillem
444 2907 624 2983 absentem,
659 2905 749 2969 cuius
784 2905 852 2969 sine
888 2906 1008 2970 auxilio
1042 2906 1169 2971 Troiam
1204 2908 1294 2971 nullo
1325 2907 1419 2970 modo

247 3013 426 3099 expugnari
458 3035 552 3094 posse
583 3012 701 3076 dicunt.
749 3011 856 3097 Atque
888 3014 962 3076 dum
990 3019 1158 3093 praesente
1182 3019 1252 3078 toto
1277 3014 1419 3078 exercitu

248 3123 343 3186 duces
367 3122 404 3185 de
428 3119 652 3202 proficiscendi
676 3119 863 3183 consultant
885 3124 1037 3201 tempore,
1062 3121 1259 3185 Protesilaus
1279 3121 1420 3185 bellandi

248 3227 472 3310 cupidissimus
491 3226 702 3314 ¹Calchantem
728 3230 835 3289 vatem
864 3249 982 3310 magno
1007 3226 1145 3291 clamore
1169 3228 1257 3312 cogit
1287 3231 1320 3291 et
1343 3251 1419 3292 con-

248 3336 339 3399 viciis
374 3336 523 3399 obrutum
565 3333 719 3414 impellit,
754 3338 791 3397 ut
821 3333 877 3398 ubi
908 3333 1051 3397 Achilles
1082 3339 1232 3414 moretur,
1268 3335 1420 3399 vaticinio

248 3445 372 3524 prodat.
420 3441 482 3516 Qui
506 3441 555 3505 dei
585 3440 711 3504 insania
744 3445 775 3504 et
806 3442 915 3504 furore
946 3446 1120 3522 occupatus
1148 3446 1251 3506 totum
1276 3441 1421 3506 Thetidis

248 3551 356 3615 dolum
380 3547 498 3612 mentis
522 3548 612 3632 quasi
637 3547 738 3612 oculis
755 3548 866 3612 ordine
883 3553 1009 3612 secutus
1026 3548 1181 3612 exercitui
1197 3548 1309 3630 aperit.
1350 3548 1419 3623 Quo

248 3659 334 3721 facto
359 3656 528 3720 Diomedes
552 3655 660 3720 statim
686 3661 717 3720 et
742 3655 854 3720 Ulixes
877 3677 974 3718 naves
997 3656 1136 3733 solvunt,
1160 3660 1196 3719 ut
1218 3655 1379 3719 Achillem
1404 3679 1420 3718 e

249 3765 347 3848 Scyro
372 3765 411 3827 ad
435 3763 610 3827 exercitum
636 3763 805 3827 abducant.
841 3763 959 3827 ltinere
976 3767 1110 3844 propter
1126 3763 1278 3846 Cycladas
1299 3763 1422 3828 insulas

251 3871 379 3956 Aegaeo
413 3869 494 3933 mari
527 3870 689 3952 inspersas
722 3893 818 3952 saepe
846 3871 928 3935 flexo
960 3869 1094 3954 Scyrum
1128 3870 1296 3950 appellunt
1328 3871 1421 3934 bonis

250 3977 400 4058 auspiciis
431 3976 609 4059 Apollinis,
641 3976 692 4041 oui
723 3978 840 4042 Delum
871 3978 1083 4059 praetervecti
1116 3977 1314 4056 libaverunt,
1345 4000 1421 4043 con-

248 4084 367 4147 firmati
396 4088 429 4148 et
460 4084 587 4148 servati.
634 4085 661 4148 E
686 4107 766 4148 nave
798 4084 918 4170 egressi
942 4084 1107 4148 Minervae
1135 4107 1254 4148 numen
1285 4087 1422 4148 adorant

250 4190 282 4252 in
306 4190 401 4254 litore
420 4190 546 4272 positae
563 4197 595 4255 et
612 4191 784 4255 comitibus
800 4192 921 4256 relictis
938 4191 1049 4254 statim
1066 4214 1169 4256 arcem
1187 4197 1303 4272 petunt
1322 4191 1422 4271 taciti,

250 4317 289 4357 ne
322 4317 429 4380 regem
463 4301 607 4360 terreant
639 4297 907 4378 placidissimum,
940 4299 1038 4362 nescii
1070 4321 1140 4362 eum
1165 4299 1228 4362 iam
1253 4299 1421 4363 certiorem
