3292 5034
747 481 962 544 „62..

269 671 476 761 Παναχαιῶν
498 669 601 740 adeor
623 675 796 761 παννύχιοι
827 674 970 755 μαλακῷ
995 673 1198 761 δεδμημένοι
1221 675 1330 756 ὕπνῳ.
1363 674 1438 736 ἀλλ’

269 783 329 844 οὐν
352 781 520 868 Ἀτρεΐδην
624 782 729 860 ὕπνος
751 781 832 868 ἔχεν
851 781 1021 865 γλυκερὸς
1044 782 1155 845 πολλὰ
1177 785 1300 865 φρεσὶν
1323 782 1438 864 ὁρμαί-

267 910 379 963 νοντα,
404 892 459 955 sed
476 891 536 958 hoc
552 913 616 955 non
634 913 754 971 premo,
775 890 873 954 immo
890 891 1155 972 praecedentibus
1171 891 1250 956 satis
1267 890 1438 956 verisimile

267 1001 387 1065 factum
412 1021 480 1064 esse
504 1019 597 1079 spero
621 997 759 1062 Statium
786 997 953 1062 Homeri
977 998 1114 1086 vestigia
1137 1003 1281 1064 secutum
1306 1021 1382 1064 esse.

333 1106 394 1171 Sed
418 1112 454 1170 ut
478 1106 643 1169 redeamus
666 1106 751 1169 unde
774 1105 976 1181 defleximus,
1007 1107 1045 1170 de
1069 1107 1250 1190 legatorum
1280 1106 1438 1171 itinere

266 1236 368 1297 pauca
403 1213 492 1277 iuvat
526 1234 663 1278 monere.
711 1213 811 1277 Mirus
847 1211 931 1276 enim
966 1212 1156 1277 observatur
1190 1237 1279 1278 error
1313 1220 1437 1295 poetae,

266 1327 379 1403 utpote
409 1321 463 1405 qui
494 1321 682 1385 Lemnum
716 1319 855 1384 insulam
885 1342 949 1384 non
980 1321 1074 1384 modo
1098 1325 1209 1384 nostro
1232 1321 1351 1404 loc01),
1381 1324 1435 1387 sed

266 1430 361 1493 etiam
387 1427 526 1510 anteal),
550 1449 675 1508 semper
698 1450 799 1509 prope
831 1426 1066 1508 Seriphum,
1089 1427 1279 1508 Olearum,
1303 1428 1436 1492 Delum

265 1537 386 1600 insulas
410 1536 503 1600 sitam
527 1537 639 1620 fingat,
670 1557 764 1618 quem
789 1557 928 1605 errorem
954 1535 1207 1620 geographicum
1230 1539 1342 1599 nostro
1365 1535 1436 1599 loco

264 1645 337 1708 inde
373 1649 479 1708 ortum
515 1664 582 1706 esse
617 1641 802 1724 Klotzius³)
835 1648 922 1706 recte
954 1641 1081 1706 videtur
1115 1643 1316 1723 observasse,
1351 1643 1435 1726 quod

265 1750 388 1816 Statius
411 1746 537 1834 Vergili
562 1749 721 1814 Aeneidos
753 1748 826 1817 libr.
859 1746 907 1813 llI
943 1750 1004 1812 124
1028 1771 1115 1832 seqq.
1149 1771 1259 1813 versus
1292 1748 1437 1814 imitatus

264 1881 322 1940 pro
354 1859 517 1940 Donysa
550 1857 654 1920 insula
687 1855 764 1920 satis
797 1855 926 1940 quidem
957 1854 1085 1940 ignota,
1117 1862 1224 1919 tamen
1257 1855 1435 1921 insularum

264 1965 458 2048 reliquarum
476 1963 580 2028 ordini
598 1969 672 2045 apte
688 1954 910 2044 respondente,
935 1963 1120 2026 Lemnum
1139 1962 1200 2043 ipsi
1217 1984 1255 2026 ex
1272 1962 1436 2028 Thebaide

263 2069 505 2137 usitatissimam
529 2070 733 2135 substituerit
756 2069 904 2147 insulam,
932 2091 995 2152 qua
1019 2069 1197 2133 mutatione
1221 2069 1369 2150 efficitur,
1401 2079 1436 2134 nt

264 2203 343 2265 qnae
367 2179 453 2264 opud
471 2181 609 2262 priorem
632 2185 709 2242 recte
733 2185 825 2262 utque
848 2175 958 2240 ordine
976 2177 1159 2259 procedunt,
1182 2178 1215 2240 in
1233 2176 1334 2242 Statio
1349 2199 1435 2241 mero

262 2289 390 2352 nomino
421 2285 495 2350 sint.
540 2285 615 2349 Non
640 2285 745 2347 nrinus
769 2283 878 2364 inepte
909 2283 1072 2354 Statius
1102 2283 1188 2346 inter
1215 2282 1372 2348 Naxum
1403 2289 1435 2348 et

264 2393 405 2458 Delum
430 2391 623 2474 interposuit
643 2390 800 2455 Samum
823 2390 878 2470 ita,
901 2396 938 2454 ut
953 2391 1006 2454 hic
1022 2390 1135 2454 evadat
1152 2391 1229 2454 ordo
1245 2390 1433 2470 insularum,

260 2522 357 2584 quem
381 2501 440 2564 sub
463 2521 528 2564 uno
552 2502 726 2579 conspectu
750 2519 836 2591 pono
861 2519 930 2561 cum
958 2496 1163 2582 Vergiliano:

431 2640 468 2708 Α,
494 2637 672 2704 Statius:
836 2660 838 2665 ’
985 2639 1021 2703 Β.
1046 2638 1281 2722 Vergilius:
1358 2650 1363 2658 '

371 2752 396 2812 l.
421 2747 573 2832 Cyclades
596 2747 783 2811 innumerae
959 2751 984 2811 1.
1009 2745 1107 2809 Delos

368 2857 396 2920 2.
424 2855 522 2918 Paros
958 2855 986 2917 2.
1010 2851 1121 2916 Naxos

368 2965 397 3026 3.
422 2960 555 3026 Olearo's
954 2963 983 3024 3.
1008 2960 1138 3043 Donysa
1243 2949 1257 2976 ‘

366 3072 397 3135 4.
420 3069 558 3132 Lemnos
953 3069 982 3131 4.
1007 3066 1140 3132 Olearos

368 3179 396 3242 5.
420 3175 530 3241 Naxos
955 3176 984 3238 5.
1008 3172 1107 3237 Paros

368 3286 396 3349 b'.
421 3280 565 3366 [Samos]
763 3300 765 3303 ’

368 3393 396 3456 7.
420 3389 519 3454 Delos
954 3390 982 3452 6.
1006 3386 1158 3471 Cyclades

446 3494 471 3645 l
1059 3491 1084 3642 l

388 3675 539 3759 Scyros
609 3731 611 3734 .
1010 3672 1131 3738 Creta

259 3820 375 3904 quibus
407 3818 492 3882 inter
524 3841 557 3882 se
589 3815 782 3898 comparatis
813 3815 902 3880 vides
932 3816 1076 3880 ordinem
1102 3815 1280 3900 Vergiliani
1298 3815 1430 3886 ,itineris

217 3998 220 4004 ,
259 3925 400 4007 exceptis
425 3925 658 3989 mutationibus
688 3924 806 4004 ineptis
831 3948 849 3986 a
873 3923 978 3989 Statio
1002 3925 1165 3988 inversum
1190 3944 1258 3987 esse
1281 3945 1339 4004 pro
1364 3927 1429 3986 ter-

333 4153 351 4220 ι)
372 4157 406 4211 ef.
426 4173 496 4210 vers.
517 4157 568 4209 675
589 4173 664 4224 seqq.

332 4240 350 4308 ⁸)
369 4262 440 4300 vers.
459 4246 509 4299 201
531 4263 607 4314 seqq.

331 4331 349 4398 ⁸)
368 4337 405 4389 ad
424 4335 498 4389 Stati
512 4333 671 4390 Achilleida
690 4335 835 4402 symbolae
852 4333 976 4398 criticae,
991 4335 1129 4400 Philolog.
1149 4335 1202 4388 vol.
1215 4333 1274 4386 LXI
1294 4351 1357 4400 pag.
1369 4331 1428 4385 300.
