3292 5034
709 501 923 563 ..53-

231 692 350 756 factum
369 715 436 756 esse
453 693 490 756 de
507 692 649 772 ipsorum
667 693 805 757 adventu
822 716 880 774 per
896 693 1057 758 Abantem
1078 693 1184 759 litoris
1200 696 1405 779 custodem.¹)

231 799 340 882 Atque
364 801 437 863 dum
463 799 602 881 spatium
626 799 811 864 interlitus
836 805 869 864 et
891 800 1000 865 urbem
1026 801 1227 866 interiectum
1252 803 1405 884 permeti-

232 911 331 969 untur
346 905 424 969 satis
441 928 602 990 magnum,
620 907 729 972 Ulixes
746 907 892 972 Diomedi
911 908 1051 987 miranti,
1076 931 1246 992 quemnam
1262 909 1295 973 in
1313 933 1403 974 usum

231 1018 390 1077 mercatus
414 1013 513 1076 sitin
538 1013 651 1078 itinere
676 1037 725 1078 res
750 1020 814 1079 tem
840 1015 946 1079 varies
969 1014 1098 1079 feminis
1121 1015 1260 1094 idoneae,
1292 1015 1404 1098 aperit,

231 1143 294 1204 qua
318 1120 443 1184 ratione
467 1119 626 1185 Achillem
658 1121 743 1186 inter
767 1122 910 1208 virgines
934 1123 1131 1187 occultatum
1155 1124 1339 1187 deiecturus
1362 1123 1404 1186 sit

230 1227 399 1310 ipsumque
429 1251 509 1311 quas
538 1234 645 1308 partes
678 1234 808 1293 acturus
842 1229 885 1294 sit
908 1229 1059 1318 instituit.
1106 1230 1194 1306 Quae
1218 1233 1293 1295 dum
1318 1232 1404 1295 inter

231 1357 264 1398 se
288 1335 533 1413 communicant,
558 1336 629 1400 urbi
655 1337 994 1421 adpropinquaverunt
1018 1343 1050 1402 et
1068 1336 1180 1401 Ulixes
1203 1359 1311 1422 regem
1330 1343 1404 1402 ante

230 1464 333 1506 arcem
360 1447 564 1523 conspectum
591 1442 711 1506 salutat
731 1443 834 1507 olivae
859 1467 946 1508 ramo
971 1467 1081 1524 pacem
1104 1445 1277 1525 professus.
1316 1443 1404 1509 Idem

229 1555 400 1633 postquam
424 1550 637 1633 Lycomedem
656 1550 693 1612 de
710 1550 795 1614 bello
814 1549 899 1615 inter
915 1551 1053 1616 Graecos
1070 1557 1102 1616 et
1118 1550 1276 1616 Troianos
1292 1558 1403 1617 exorto

230 1655 399 1719 certiorem
416 1657 501 1736 fecit,
518 1665 551 1720 s'e
568 1664 600 1720 et
612 1657 796 1721 Diomedem
816 1658 1035 1738 speculatores
1052 1658 1165 1722 missos
1181 1681 1249 1722 esse
1265 1658 1403 1738 simulat,

230 1762 285 1846 qui
317 1785 367 1827 res
390 1763 546 1828 Troianas
571 1765 784 1846 explorarent.
831 1764 902 1840 Qua
933 1787 967 1828 re
997 1766 1148 1846 deceptus
1178 1765 1326 1829 credulus
1350 1765 1404 1829 ille

231 1876 263 1934 et
285 1871 519 1952 placidissimus
551 1895 607 1936 rex
638 1871 762 1936 laetitia
793 1873 926 1936 affectus
956 1873 1064 1936 statim
1090 1871 1229 1936 Graecos
1263 1871 1403 1952 hospitio

231 1982 381 2058 exceptos
412 2001 516 2043 arcem
546 1979 668 2043 intrare
700 1979 797 2045 iubet.
846 1978 889 2042 Et
912 1980 986 2043 dum
1012 2002 1089 2043 cena
1119 1984 1261 2060 paratur,
1292 1979 1404 2044 Ulixes

230 2089 330 2148 totam
363 2085 485 2170 regiam
518 2086 694 2166 perlustrat
718 2085 852 2167 cupidus
876 2086 1014 2150 Achillis
1038 2086 1261 2171 cognoscendi,
1292 2087 1347 2169 qui
1372 2091 1404 2150 et

229 2189 298 2272 ipse
321 2191 354 2254 in
379 2213 541 2276 gynaeceo
574 2193 716 2256 inclusus
740 2215 869 2257 rumore
893 2193 1002 2257 audito
1027 2193 1165 2258 Graecos
1187 2194 1273 2257 viros
1297 2193 1403 2257 videre

229 2297 325 2378 cupit.
373 2297 501 2363 Interea
531 2322 610 2364 cena
640 2305 754 2381 parata
784 2323 840 2364 rex
872 2300 1016 2381 hospites
1047 2301 1234 2365 accumbere
1258 2299 1348 2364 iubet
1371 2304 1403 2362 et

229 2404 323 2489 signo
347 2406 421 2469 dato
446 2406 571 2487 puellae
596 2430 767 2491 earumque
792 2407 926 2472 comites
946 2410 1080 2491 pudicae
1104 2430 1120 2471 e
1141 2429 1303 2492 gynaeceo
1327 2429 1403 2487 pro-

230 2534 357 2596 gressae
381 2513 499 2577 mensis
523 2516 723 2582 accumbunt.
771 2514 916 2578 Achilles
939 2515 1002 2578 iam
1026 2520 1094 2578 tum
1120 2516 1160 2579 ab
1176 2513 1272 2579 Ulixe
1292 2513 1403 2578 statim

229 2619 422 2700 perspicitur
455 2619 576 2700 impetu
601 2622 738 2705 quodam
763 2627 795 2686 et
817 2621 987 2687 ferocitate
1011 2621 1148 2707 insignis
1172 2620 1273 2701 virili,
1306 2644 1401 2704 quam

230 2726 396 2790 Deidamia
430 2726 484 2790 vix
515 2732 624 2808 potest
656 2730 793 2794 domare.
845 2728 906 2804 Qui
944 2729 1043 2793 animi
1078 2729 1210 2792 affectus
1243 2733 1275 2792 et
1308 2728 1403 2791 ardor

230 2833 362 2897 bellicus
398 2857 475 2898 cena
519 2840 649 2915 peracta
686 2835 786 2916 ipsius
823 2836 1011 2919 Lycomedis
1044 2835 1150 2900 verbis
1183 2834 1337 2899 incitatur
1371 2839 1402 2898 et

229 2939 335 3005 Ulixis
364 2963 510 3006 sermone
541 2943 618 3006 adeo
650 2949 802 3026 augetur,
834 2949 870 3007 ut
900 2942 1045 3008 Achilles
1076 2943 1138 3007 iam
1170 2947 1240 3006 tum
1270 2963 1303 3005 se
1326 2964 1402 3022 pro-

229 3047 369 3128 didisset,
399 3048 461 3112 nisi
485 3049 652 3113 Deidamia
683 3049 776 3135 signo
809 3050 947 3115 abeundi
971 3051 1046 3114 dato
1070 3055 1269 3114 recusantem
1295 3070 1400 3112 secum

229 3155 421 3221 abduxisset.
469 3155 566 3236 Ulixi,
597 3155 652 3240 qui
682 3158 818 3221 formam
852 3163 884 3221 et
908 3157 1180 3238 pulchritudinem
1213 3154 1400 3220 abeuntium

228 3262 409 3344 puellarum
432 3262 577 3340 miratur,
601 3264 794 3347 Lycomedes
816 3269 909 3345 pater
925 3263 975 3328 bis
991 3264 1117 3328 blandis
1132 3263 1282 3327 laudibus
1297 3263 1401 3325 elatus

228 3369 391 3450 promittit
414 3392 447 3433 se
470 3370 554 3434 filias
577 3377 706 3452 postero
730 3371 780 3435 die
805 3371 1038 3452 speciosissimo
1059 3371 1146 3436 cultu
1164 3373 1400 3434 ostentaturum

229 3499 297 3541 esse
321 3476 440 3541 Bacchi
465 3500 555 3542 sacra
579 3478 785 3558 celebrantes
809 3501 891 3562 quae
915 3502 975 3557 ree,
998 3480 1083 3563 quod
1100 3479 1294 3543 Graecorum
1318 3474 1402 3539 votis

230 3584 321 3648 valde
344 3586 527 3665 respondet,
551 3585 658 3649 statim
685 3586 851 3666 accipitur.
891 3585 960 3661 Quo
984 3587 1070 3651 facto
1088 3585 1274 3648 Diomedem
1293 3582 1401 3646 dolum

229 3694 415 3773 paraturum
443 3692 480 3755 ad
506 3714 602 3756 naves
626 3693 756 3757 rediisse
781 3693 953 3757 verisimile
977 3698 1034 3770 est,
1056 3692 1115 3756 etsi
1139 3697 1235 3773 poeta
1254 3711 1401 3770 expresse

229 3821 293 3862 non
318 3797 442 3880 dicitl),
467 3797 579 3864 Ulixes
603 3799 636 3863 iu
661 3822 733 3864 arce
756 3805 900 3864 moratus
924 3805 1050 3864 noctem
1075 3799 1144 3884 agit
1163 3796 1401 3880 exspectatione

307 3995 324 4061 ¹)
344 3998 356 4050 Ι
377 3997 426 4050 701
448 4013 505 4064 seq.
525 3999 600 4049 arcis
620 3999 731 4049 litoreae
748 4003 873 4050 screator
891 3998 999 4060 Aba33
1026 3996 1060 4050 cf.
1080 3995 1166 4049 Theb.
1186 3995 1212 4047 ll
1231 3993 1284 4047 220
1303 3993 1400 4046 eodem

229 4105 324 4141 versus
342 4087 404 4141 loco
424 4086 537 4138 bellator
555 4087 657 4139 Abos.
1208 4086 1210 4088 ’

166 4191 167 4198 ’
191 4226 193 4229 .
303 4172 320 4239 'J
339 4195 404 4232 nam
425 4197 488 4233 cum
514 4176 671 4231 Barthio
700 4176 745 4236 (ad
773 4177 803 4230 P.
823 4173 936 4244 Papinii
964 4172 1049 4229 Statii
1069 4171 1241 4227 Achilleidos
1268 4171 1355 4227 libros
1374 4173 1401 4224 ΙΙ

229 4267 494 4322 animadversiones,
550 4265 690 4319 Editionis
718 4257 787 4320 tomi
807 4267 857 4331 III,
889 4264 975 4333 cygn.
1006 4262 1083 4326 1664,
1103 4263 1138 4315 ad
1167 4279 1191 4314 v.
1213 4260 1273 4322 732)
1300 4264 1399 4328 putare

229 4355 393 4410 Diomedem
412 4355 510 4410 statim
530 4354 594 4408 dolo
614 4355 769 4423 composito
790 4354 835 4409 vel
853 4370 919 4422 rege
938 4353 1062 4407 salutato
1082 4351 1117 4405 ad
1136 4368 1236 4404 navem
1252 4349 1399 4404 revertisse
