3292 5034
753 456 967 518 ..42-

272 650 385 714 similis
424 649 606 734 argumenti
646 649 793 714 Latinam
842 651 983 715 alludere
1026 651 1151 715 videtur
1191 650 1298 714 verbis
1336 650 1386 714 his
1400 650 1442 732 ¹):

434 775 497 838 Nee
520 783 605 838 uocet
628 777 749 840 erectori
772 778 890 840 mollem
916 779 969 861 qui
988 777 1064 858 fecit
1079 778 1237 859 ,Achillem

438 882 604 966 qurcqisse
627 886 692 946 suis
711 883 813 964 fortio
832 884 923 965 fecto
946 882 1092 962 modisI),

274 1007 356 1071 idem
380 1007 521 1070 fabulam
548 1007 717 1071 adumbrat
740 1008 991 1089 Metamorphos
1020 1007 1099 1072 XIII
1126 1010 1187 1072 162
1211 1031 1308 1091 seqq,
1331 1007 1446 1071 festive

274 1119 306 1178 et
330 1115 436 1178 iocose
460 1119 572 1178 narrat
595 1115 674 1178 artis
699 1120 831 1180 amator.
854 1115 958 1180 libr.l
983 1139 1061 1180 vers.
1079 1118 1142 1181 689
1160 1138 1247 1198 seqq.
1291 1114 1447 1179 Seneca

275 1221 418 1285 fabulam
449 1221 611 1307 significat
635 1221 749 1288 Troad.
783 1247 830 1288 vv.
857 1226 921 1287 213
946 1245 1019 1306 seq,
1044 1225 1118 1288 350.
1170 1222 1316 1305 Denique
1346 1223 1447 1285 totius

275 1328 404 1393 fabulae
428 1334 653 1412 argumentum
671 1336 836 1412 exponunt
857 1330 1187 1412 Apollodorus³)‚
1211 1330 1241 1393 H
1250 1330 1447 1414 yginus),

277 1435 481 1500 scholium
508 1435 629 1502 T326.

343 1561 404 1626 His
421 1561 630 1643 praemonItis
648 1563 818 1642 videamus
835 1566 994 1648 quomodo
1016 1563 1178 1629 Statius
1202 1563 1344 1627 fabulam
1361 1562 1448 1626 varie

277 1669 426 1733 traditam
460 1669 664 1736 formaverit:
698 1671 811 1734 Thetis
841 1677 1012 1754 postquam
1045 1672 1167 1735 frustra
1191 1671 1380 1751 Neptunum
1413 1675 1449 1734 ut

277 1777 411 1841 classem
429 1776 600 1841 Troianam
625 1779 846 1862 submergeret
869 1778 1016 1858 tentavit,
1041 1778 1212 1843 Chironem
1236 1777 1340 1858 ipsum
1358 1777 1450 1858 petit,

278 1889 314 1948 ut
344 1883 445 1947 filium
476 1884 550 1948 inde
574 1884 683 1948 dolose
715 1886 888 1949 abductum
921 1885 997 1949 belli
1021 1885 1097 1948 fatis
1121 1885 1246 1966 eripiat.
1293 1885 1336 1948 nt
1359 1888 1450 1965 post-

278 2014 374 2075 quam
397 1991 482 2055 fictis
498 1991 667 2056 timoribus
691 1998 723 2056 et
740 1991 818 2055 atris
836 1992 976 2070 somniis,
1000 1993 1039 2055 ad
1057 2015 1138 2077 quae
1155 1992 1297 2056 tollenda
1314 1992 1450 2063 Proteus

278 2120 413 2180 puerum
447 2105 589 2163 extremo
623 2100 655 2163 in
681 2099 809 2164 Oceano
820 2100 846 2180 5)
880 2100 1005 2184 magico
1039 2100 1104 2164 ritu
1134 2100 1266 2164 lustrari
1299 2099 1451 2178 iussisset,

279 2205 410 2270 Chironi
434 2213 470 2270 ut
494 2207 652 2271 Achillem
677 2207 738 2271 sibi
763 2209 904 2271 traderet
928 2207 1096 2288 persuasit,
1120 2230 1177 2289 per
1201 2211 1304 2271 totam
1323 2213 1449 2271 noctem

280 2337 359 2398 quas
393 2313 426 2378 in
460 2317 562 2378 terras
595 2337 729 2395 puerum
769 2316 901 2378 abderet
935 2314 1132 2378 tutissimum
1167 2314 1341 2377 medItatae
1376 2315 1453 2377 deae

280 2421 397 2505 Scyrus
432 2421 537 2486 insula
575 2421 825 2503 oportunissima
860 2421 928 2485 visa
964 2426 1028 2500 est,
1067 2445 1130 2506 quo
1168 2421 1278 2486 statim
1318 2444 1451 2503 puerum

279 2529 488 2594 dormientem
514 2529 675 2612 delphinis
698 2530 818 2614 biiugis
843 2531 1127 2610 transportandum
1153 2536 1254 2594 curat.
1293 2528 1363 2604 Quo
1380 2551 1453 2610 per-

281 2643 353 2701 acto
384 2643 486 2701 mater
516 2637 583 2701 filio
615 2638 837 2718 exstupefacto
869 2638 1011 2701 novitate
1041 2638 1185 2701 locorum
1215 2659 1274 2700 nec
1298 2635 1454 2716 opinanti,

282 2745 357 2828 quid
381 2751 522 2826 paretur,
553 2746 744 2825 persuadere
769 2746 885 2822 studet,
918 2744 1055 2809 invitum
1080 2749 1151 2808 orat
1175 2748 1208 2807 et
1232 2744 1387 2821 obsecrat,
1418 2747 1455 2806 ut

281 2875 453 2934 parumper
488 2852 641 2938 virgineis
676 2851 819 2916 vestibus
855 2852 986 2916 indutus
1024 2853 1093 2914 fata
1128 2850 1213 2915 bello
1253 2849 1455 2914 imminentia

282 2961 425 3045 effugiat.
465 2960 525 3026 Sed
550 2965 749 3024 recusantem
776 2963 808 3023 et
832 2959 1009 3022 minantem
1033 2960 1154 3022 frustra
1178 2961 1318 3038 temptat
1335 2963 1454 3023 mater:

739 3103 837 3167 obstat
857 3105 1038 3187 punitorque
1060 3105 1185 3186 roquntt

388 3211 390 3216 ’
465 3215 661 3297 nutritorque
684 3214 791 3295 ibycus
815 3217 842 3274 et
866 3210 966 3273 cruda
989 3210 1118 3273 exordio
1141 3229 1273 3292 nruqnae

465 3321 621 3400 dodoli3.⁶)

284 3475 496 3482 mm

361 3604 377 3671 ¹)
396 3607 470 3661 trist.
490 3607 588 3661 11409
608 3624 664 3674 seq.
738 3614 740 3618 '

360 3693 378 3761 2)
399 3698 433 3751 of.
452 3695 593 3750 Fleischer
612 3697 641 3748 in
660 3695 792 3750 Roscheri
812 3695 892 3750 lexic.
912 3693 1030 3756 mythol.
1051 3694 1062 3745 Ι
1081 3710 1146 3761 pag.
1167 3692 1209 3745 28.

360 3783 378 3852 ⁸)
398 3787 466 3841 bibl.
486 3787 526 3838 Ill
549 3787 599 3840 174
618 3803 694 3853 seqq.

360 3873 379 3940 4)
398 3877 453 3930 fab.
474 3877 516 3930 96.

362 3963 380 4030 ⁵)
399 3966 491 4021 Simili
510 3966 574 4020 dolo
601 3965 690 4019 utitur
712 3966 781 4018 luno
801 3965 877 4033 apud
896 3965 1050 4017 Homerum
1069 3961 1094 4011 Ξ
1108 3960 1161 4015 200
1180 3979 1265 4028 seqq,
1293 3963 1324 4014 ut
1343 3956 1461 4012 Veneris

287 4074 394 4122 aonam,
415 4073 471 4123 qua
490 4057 585 4110 lovem
606 4055 708 4123 capiat,
729 4053 910 4121 adipiscatur,
929 4070 992 4106 cum
1013 4052 1091 4106 dicat
1110 4068 1138 4105 se
1159 4049 1282 4103 visuram
1301 4048 1343 4101 ire
1370 4047 1460 4098 πολυ-

288 4145 403 4214 φόρβου
428 4145 554 4213 πείρατα
579 4145 672 4212 γαίης,
693 4136 840 4194 Ὠκεανόν
864 4158 897 4193 τε
914 4141 997 4192 θεῶν
1015 4139 1134 4208 γένεσιν
1159 4137 1336 4207 καὶμητέρα
1358 4136 1461 4206 Τηθύν,

288 4238 324 4290 ad
342 4237 407 4291 lites
426 4237 501 4290 inter
521 4235 654 4301 coniuges
673 4237 783 4289 exortas
803 4231 983 4287 dirimendas.

363 4321 380 4388 ⁸)
401 4325 484 4379 1275
505 4342 581 4395 seqq.
