3292 5034
750 457 967 520 ..58-

275 650 356 712 dae
378 650 513 732 τένμωρ
537 649 632 713 Ἰλίου
662 639 834 732 εὕρωμεν;
867 651 993 715 deinde·
1012 653 1098 735 quod
1130 651 1224 717 dicit:
1254 675 1310 716 uec
1339 654 1445 736 coquet

274 779 375 823 aanor
398 758 617 841 Antilochos),
641 757 700 822 hos
724 757 857 822 Homeri
881 780 992 822 versus
1015 759 1157 822 alludere
1180 757 1322 823 videtur:
1347 755 1444 819 Ἀντί-

273 863 381 951 coxon
411 863 574 946 ὁ’ὠτρυνε
605 863 690 950 βοὴν
722 861 852 948 ἀγαθὸς
884 864 1084 944 Μενέλαος·
1125 863 1292 951 Ἀντίλοχ’,
1325 864 1365 927 οῦ
1394 884 1446 943 τις

275 981 347 1034 σεῖο
371 972 541 1053 νεώτερος
564 970 671 1051 ἄλλος
694 970 835 1058 Ἀχαιῶν
857 992 886 1033 a.
896 971 1011 1054 u.1t.²);
1037 972 1181 1056 denique,
1198 973 1272 1037 dum
1293 971 1445 1036 describit

275 1078 438 1143 Aiacem
463 1079 513 1142 his
537 1078 696 1160 verbis³):

381 1193 591 1271 septemque
613 1189 701 1250 Aiace
724 1187 853 1251 umbone
876 1194 1010 1251 coruscet

382 1297 554 1358 armenti
576 1315 686 1378 reyes
709 1301 801 1379 etque
829 1315 995 1378 aequum
1017 1294 1221 1358 moenibus
1244 1293 1387 1372 orbem,

275 1400 303 1464 ei
320 1402 531 1465 obversantur
547 1400 682 1465 Homeri
697 1423 807 1465 versus
823 1401 911 1478 hio:
936 1399 1023 1480 Αἶας
1038 1398 1213 1484 δ’ἐνγύθεν
1228 1397 1313 1486 ἦλθε
1326 1401 1446 1482 φέρων

275 1507 407 1587 οάνος
429 1508 529 1594 ἠύτε
551 1508 728 1592 πύργον,
749 1506 901 1595 χάλκεον
923 1506 1181 1587 ἑπταβόειον
1276 1508 1445 1589 ταύρων

274 1614 534 1697 ζατρεφέων.
1007 1695 1010 1702 7

343 1721 466 1798 Quibus
496 1722 630 1787 ducibus
662 1745 727 1786 non
758 1722 902 1786 contenti
926 1723 1039 1787 Graeci
1063 1722 1270 1787 Achillem
1299 1726 1445 1804 poscunt,

275 1851 368 1913 quem
401 1852 499 1893 unum
526 1830 653 1894 Teucris
677 1831 848 1914 loquuntur
866 1830 998 1912 fatalem
1009 1829 1036 1912 5)
1066 1834 1199 1911 propter
1222 1828 1380 1914 originem
1413 1834 1445 1892 et

275 1936 495 2000 educationem
521 1936 588 2000 eius
612 1936 856 2022 singularem⁶)‚
880 1959 944 2000 non
962 1959 999 2000 ex
1015 1936 1260 2001 Calchantis
1284 1935 1445 2016 vaticinio,

275 2043 369 2126 quale
392 2043 492 2107 tradit
510 2043 834 2126 Apollodorus.⁷)
869 2042 997 2108 Statius
1013 2043 1182 2108 Calchanti
1205 2067 1303 2108 unum
1330 2041 1445 2107 tribuit

274 2150 462 2215 vaticinium
485 2151 526 2231 id,
551 2174 614 2234 quo
639 2151 877 2216 Protesilao
901 2155 1032 2215 auctore
1056 2151 1197 2228 Calchas,
1222 2150 1277 2215 ubi
1302 2150 1445 2214 Achilles

275 2258 420 2322 occultus
444 2258 494 2338 sit,
517 2258 635 2340 prodit.
673 2258 710 2324 In
735 2259 855 2340 reipsa
872 2259 1079 2324 describenda
1098 2259 1126 2322 ei
1142 2259 1268 2343 Vergili
1285 2258 1445 2322 Aeneidos

274 2365 294 2429 l.
318 2364 350 2430 ll
373 2387 452 2431 vers
480 2367 540 2430 122
566 2388 661 2450 seqq.‚
687 2367 742 2431 ubi
766 2365 913 2430 Ulixes

554 2481 650 2538 aretem
674 2494 786 2558 monuo
811 2473 984 2538 Calchante
1010 2473 1146 2537 tumultu

551 2582 708 2664 protrahit
731 2583 765 2645 τα
789 2581 912 2655 medion,

275 2689 312 2750 ut
335 2687 435 2767 dicat,
463 2709 557 2771 quem
583 2688 731 2752 Phoebus
755 2688 985 2752 immolandum
1009 2691 1135 2769 poscat,
1167 2689 1354 2752 obversatos
1377 2709 1445 2750 esse

276 2814 292 2856 e
320 2794 490 2858 verborum
526 2796 660 2877 apparet
695 2817 867 2874 consensu,
903 2796 986 2860 unde
1021 2797 1130 2858 tamen
1165 2794 1444 2858 Protesilaum

274 2898 381 2964 Ulixis
405 2924 535 2966 munere
560 2903 705 2966 functum
730 2924 797 2966 esse
820 2902 959 2982 finxerit,
983 2924 1042 2983 pro
1064 2905 1151 2966 certo
1168 2901 1229 2965 dici
1246 2924 1311 2966 non
1327 2907 1443 2984 potest.

275 3007 366 3088 Licet
395 3008 552 3090 suspicari
582 3009 647 3073 tale
671 3009 747 3092 quid
771 3009 930 3074 exstitisse
954 3009 988 3072 in
1012 3007 1189 3093 tragoediis
1212 3009 1252 3072 ad
1275 3008 1445 3073 Protesilai

275 3115 415 3178 fabulam
448 3115 700 3196 pertinentibm,
731 3117 786 3180 sed
816 3116 1021 3180 verisimilius
1052 3115 1131 3179 mihi
1161 3115 1289 3199 quidem
1319 3115 1445 3180 videtur

275 3228 403 3303 poetam
420 3222 559 3286 nominis
578 3223 847 3305 interpretatione
864 3224 1035 3288 adductum
1052 3222 1232 3288 Protesilao
1248 3223 1321 3286 illas
1337 3226 1446 3304 partes

276 3327 464 3408 tribuisse.⁸)

350 4037 367 4104 ⁷)
387 4041 454 4096 bibl.
473 4043 514 4095 ΙΙΙ
536 4043 598 4097 174:
637 4042 680 4108 <bg
705 4039 739 4094 δέ
766 4042 889 4110 ἐγένετο
917 4044 1059 4112 ἐνναετὴς
1081 4039 1244 4112 Ἀχιλλεύς,
1271 4043 1447 4112 Κάλχαντος

273 4129 418 4198 λέγοντος
436 4131 470 4183 οὐ
489 4127 633 4183 δύνασθαι
650 4131 740 4199 χωρὶς
758 4133 847 4184 αὐτοῦ
869 4132 975 4200 Τροίαν
994 4133 1146 4200 αἱρεθῆναι
1164 4149 1189 4184 a.
1204 4150 1226 4185 τ.
1240 4133 1266 4184 λ.

350 4215 368 4281 ⁸)
388 4239 503 4288 namque
521 4223 584 4274 buin
603 4224 702 4275 bellare
720 4225 819 4290 cupido

378 4313 531 4378 praecipua
550 4319 573 4364 et
586 4315 698 4379 primae
716 4315 773 4365 iam
792 4319 856 4365 tuuc
874 4315 940 4364 doto
957 4315 1049 4381 ylario
1068 4316 1165 4366 mortis
1185 4332 1209 4366 v,
1228 4313 1281 4367 495
1301 4330 1378 4381 seqq.
