<?xml version="1.0" encoding="UTF-8"?>
<!DOCTYPE html PUBLIC "-//W3C//DTD XHTML 1.0 Transitional//EN"
    "http://www.w3.org/TR/xhtml1/DTD/xhtml1-transitional.dtd">
<html xmlns="http://www.w3.org/1999/xhtml" xml:lang="en" lang="en">
 <head>
  <title>
</title>
<meta http-equiv="Content-Type" content="text/html;charset=utf-8" />
  <meta name='ocr-system' content='tesseract 3.04.00' />
  <meta name='ocr-capabilities' content='ocr_page ocr_carea ocr_par ocr_line ocrx_word'/>
</head>
<body>
  <div class='ocr_page' id='page_1' title='image "./ppapiniusstatiu00kuergoog_0012.png"; bbox 0 0 3292 5034; ppageno 0'>
   <div class='ocr_carea' id='block_1_1' title="bbox 727 764 952 866">
    <p class='ocr_par' dir='ltr' id='par_1_1' title="bbox 727 764 952 866">
     <span class='ocr_line' id='line_1_1' title="bbox 727 764 952 866; baseline -0.009 -20"><span class='ocrx_word' id='word_1_1' title='bbox 727 764 884 866; x_wconf 79' lang='lat' dir='ltr'>caput</span> <span class='ocrx_word' id='word_1_2' title='bbox 912 765 952 844; x_wconf 88' lang='lat' dir='ltr'>I:</span> 
     </span>
    </p>
   </div>
   <div class='ocr_carea' id='block_1_2' title="bbox 247 926 1418 1007">
    <p class='ocr_par' dir='ltr' id='par_1_2' title="bbox 247 894 1418 1007">
     <span class='ocr_line' id='line_1_2' title="bbox 247 926 1418 1007; baseline -0.003 -17"><span class='ocrx_word' id='word_1_3' title='bbox 247 930 312 990; x_wconf 75' lang='lat' dir='ltr'>lle</span> <span class='ocrx_word' id='word_1_4' title='bbox 321 929 588 1006; x_wconf 79' lang='lat' dir='ltr'>rebus,qrrae</span> <span class='ocrx_word' id='word_1_5' title='bbox 596 930 908 1006; x_wconf 82' lang='lat' dir='ltr'>argumentum</span> <span class='ocrx_word' id='word_1_6' title='bbox 917 926 1418 1007; x_wconf 79' lang='lat' dir='ltr'>carmlnlspraeoedunt.</span> 
     </span>
    </p>
   </div>
   <div class='ocr_carea' id='block_1_3' title="bbox 247 1063 1470 3498">
    <p class='ocr_par' dir='ltr' id='par_1_3' title="bbox 261 1063 1249 1362">
     <span class='ocr_line' id='line_1_3' title="bbox 261 1063 1249 1151; baseline -0.003 -21"><span class='ocrx_word' id='word_1_7' title='bbox 261 1091 264 1097; x_wconf 90' lang='lat'>·</span> <span class='ocrx_word' id='word_1_8' title='bbox 378 1067 618 1150; x_wconf 66' lang='lat' dir='ltr'>Magnanimum</span> <span class='ocrx_word' id='word_1_9' title='bbox 642 1067 799 1130; x_wconf 78' lang='lat' dir='ltr'><em>Aeaciden</em></span> <span class='ocrx_word' id='word_1_10' title='bbox 819 1067 1086 1151; x_wconf 75' lang='lat' dir='ltr'>formidatumque</span> <span class='ocrx_word' id='word_1_11' title='bbox 1113 1063 1249 1128; x_wconf 83' lang='lat' dir='ltr'>Tonanti</span> 
     </span>
     <span class='ocr_line' id='line_1_4' title="bbox 371 1173 1165 1257; baseline 0 -21"><span class='ocrx_word' id='word_1_12' title='bbox 371 1175 548 1257; x_wconf 63' lang='lat' dir='ltr'>progeniem</span> <span class='ocrx_word' id='word_1_13' title='bbox 572 1180 599 1236; x_wconf 82' lang='lat' dir='ltr'>et</span> <span class='ocrx_word' id='word_1_14' title='bbox 616 1175 724 1256; x_wconf 73' lang='lat' dir='ltr'>patrio</span> <span class='ocrx_word' id='word_1_15' title='bbox 748 1175 871 1237; x_wconf 80' lang='lat' dir='ltr'>uetitum</span> <span class='ocrx_word' id='word_1_16' title='bbox 893 1173 1051 1238; x_wconf 78' lang='lat' dir='ltr'><strong><em>succedere</em></strong></span> <span class='ocrx_word' id='word_1_17' title='bbox 1074 1174 1165 1254; x_wconf 84' lang='lat' dir='ltr'>caelo,</span> 
     </span>
     <span class='ocr_line' id='line_1_5' title="bbox 376 1280 571 1362; baseline 0 -19"><span class='ocrx_word' id='word_1_18' title='bbox 376 1280 458 1360; x_wconf 86' lang='lat' dir='ltr'>dice,</span> <span class='ocrx_word' id='word_1_19' title='bbox 482 1280 571 1362; x_wconf 72' lang='lat' dir='ltr'>refer.</span> 
     </span>
    </p>

    <p class='ocr_par' dir='ltr' id='par_1_4' title="bbox 247 1385 1470 2643">
     <span class='ocr_line' id='line_1_6' title="bbox 314 1385 1419 1472; baseline -0.003 -21"><span class='ocrx_word' id='word_1_20' title='bbox 314 1386 360 1452; x_wconf 87' lang='lat' dir='ltr'>Ut</span> <span class='ocrx_word' id='word_1_21' title='bbox 384 1387 424 1450; x_wconf 87' lang='lat' dir='ltr'>ab</span> <span class='ocrx_word' id='word_1_22' title='bbox 449 1387 508 1451; x_wconf 90' lang='lat' dir='ltr'>hoc</span> <span class='ocrx_word' id='word_1_23' title='bbox 533 1385 731 1450; x_wconf 84' lang='lat' dir='ltr'>Achilleidos</span> <span class='ocrx_word' id='word_1_24' title='bbox 762 1387 926 1472; x_wconf 87' lang='lat' dir='ltr'>prooemio</span> <span class='ocrx_word' id='word_1_25' title='bbox 958 1387 1085 1451; x_wconf 88' lang='lat' dir='ltr'>initium</span> <span class='ocrx_word' id='word_1_26' title='bbox 1113 1386 1292 1467; x_wconf 84' lang='lat' dir='ltr'>capiamus,</span> <span class='ocrx_word' id='word_1_27' title='bbox 1323 1391 1419 1467; x_wconf 88' lang='lat' dir='ltr'>poeta</span> 
     </span>
     <span class='ocr_line' id='line_1_7' title="bbox 250 1491 1419 1577; baseline -0.002 -20"><span class='ocrx_word' id='word_1_28' title='bbox 250 1493 298 1558; x_wconf 95' lang='lat' dir='ltr'>his</span> <span class='ocrx_word' id='word_1_29' title='bbox 329 1493 473 1557; x_wconf 84' lang='lat' dir='ltr'>versibus</span> <span class='ocrx_word' id='word_1_30' title='bbox 502 1492 645 1556; x_wconf 89' lang='lat' dir='ltr'>fabulam</span> <span class='ocrx_word' id='word_1_31' title='bbox 677 1492 785 1577; x_wconf 84' lang='lat' dir='ltr'>tangit</span> <span class='ocrx_word' id='word_1_32' title='bbox 814 1492 903 1556; x_wconf 92' lang='lat' dir='ltr'>illam</span> <span class='ocrx_word' id='word_1_33' title='bbox 928 1516 1024 1576; x_wconf 85' lang='lat' dir='ltr'>quam</span> <span class='ocrx_word' id='word_1_34' title='bbox 1055 1492 1261 1556; x_wconf 84' lang='lat' dir='ltr'>Pindarus</span> <span class='ocrx_word' id='word_1_35' title='bbox 1292 1491 1419 1573; x_wconf 81' lang='lat' dir='ltr'>copiose</span> 
     </span>
     <span class='ocr_line' id='line_1_8' title="bbox 248 1598 1419 1684; baseline -0.003 -21"><span class='ocrx_word' id='word_1_36' title='bbox 248 1599 389 1682; x_wconf 83' lang='lat' dir='ltr'>narrat¹)</span> <span class='ocrx_word' id='word_1_37' title='bbox 414 1599 473 1664; x_wconf 89' lang='lat' dir='ltr'>hoc</span> <span class='ocrx_word' id='word_1_38' title='bbox 498 1599 565 1663; x_wconf 89' lang='lat' dir='ltr'>fere</span> <span class='ocrx_word' id='word_1_39' title='bbox 588 1603 797 1684; x_wconf 88' lang='lat' dir='ltr'>argumento:</span> <span class='ocrx_word' id='word_1_40' title='bbox 823 1599 891 1663; x_wconf 86' lang='lat' dir='ltr'>lovi</span> <span class='ocrx_word' id='word_1_41' title='bbox 915 1604 948 1664; x_wconf 92' lang='lat' dir='ltr'>et</span> <span class='ocrx_word' id='word_1_42' title='bbox 971 1599 1124 1681; x_wconf 89' lang='lat' dir='ltr'>Neptuno</span> <span class='ocrx_word' id='word_1_43' title='bbox 1141 1598 1286 1664; x_wconf 88' lang='lat' dir='ltr'>Thetidis</span> <span class='ocrx_word' id='word_1_44' title='bbox 1306 1598 1419 1662; x_wconf 86' lang='lat' dir='ltr'>matri-</span> 
     </span>
     <span class='ocr_line' id='line_1_9' title="bbox 248 1704 1419 1788; baseline -0.002 -18"><span class='ocrx_word' id='word_1_45' title='bbox 248 1706 388 1771; x_wconf 87' lang='lat' dir='ltr'>monium</span> <span class='ocrx_word' id='word_1_46' title='bbox 428 1705 613 1788; x_wconf 87' lang='lat' dir='ltr'>petentibus</span> <span class='ocrx_word' id='word_1_47' title='bbox 647 1706 777 1770; x_wconf 82' lang='lat' dir='ltr'>Themis</span> <span class='ocrx_word' id='word_1_48' title='bbox 815 1705 849 1770; x_wconf 93' lang='lat' dir='ltr'>in</span> <span class='ocrx_word' id='word_1_49' title='bbox 889 1706 1024 1771; x_wconf 90' lang='lat' dir='ltr'>concilio</span> <span class='ocrx_word' id='word_1_50' title='bbox 1059 1708 1188 1771; x_wconf 90' lang='lat' dir='ltr'>deorum</span> <span class='ocrx_word' id='word_1_51' title='bbox 1226 1704 1419 1770; x_wconf 72' lang='lat' dir='ltr'>vaticinatur</span> 
     </span>
     <span class='ocr_line' id='line_1_10' title="bbox 248 1812 1419 1899; baseline -0.003 -21"><span class='ocrx_word' id='word_1_52' title='bbox 248 1813 370 1895; x_wconf 90' lang='lat' dir='ltr'>prolem</span> <span class='ocrx_word' id='word_1_53' title='bbox 395 1837 413 1876; x_wconf 90' lang='lat' dir='ltr'>a</span> <span class='ocrx_word' id='word_1_54' title='bbox 437 1812 573 1878; x_wconf 80' lang='lat' dir='ltr'>Thetide</span> <span class='ocrx_word' id='word_1_55' title='bbox 604 1813 797 1877; x_wconf 73' lang='lat' dir='ltr'>nascituram</span> <span class='ocrx_word' id='word_1_56' title='bbox 831 1814 1015 1895; x_wconf 88' lang='lat' dir='ltr'>potentiora</span> <span class='ocrx_word' id='word_1_57' title='bbox 1046 1819 1210 1899; x_wconf 82' lang='lat' dir='ltr'>gesturam</span> <span class='ocrx_word' id='word_1_58' title='bbox 1239 1835 1307 1877; x_wconf 88' lang='lat' dir='ltr'>esse</span> <span class='ocrx_word' id='word_1_59' title='bbox 1331 1835 1419 1876; x_wconf 85' lang='lat' dir='ltr'>arma</span> 
     </span>
     <span class='ocr_line' id='line_1_11' title="bbox 247 1918 1419 1996; baseline -0.001 -13"><span class='ocrx_word' id='word_1_60' title='bbox 247 1919 437 1984; x_wconf 79' lang='lat' dir='ltr'>fulminibus</span> <span class='ocrx_word' id='word_1_61' title='bbox 460 1925 492 1984; x_wconf 90' lang='lat' dir='ltr'>et</span> <span class='ocrx_word' id='word_1_62' title='bbox 516 1920 665 1984; x_wconf 88' lang='lat' dir='ltr'>tridente.</span> <span class='ocrx_word' id='word_1_63' title='bbox 701 1922 770 1996; x_wconf 77' lang='lat' dir='ltr'>Quo</span> <span class='ocrx_word' id='word_1_64' title='bbox 788 1920 941 1985; x_wconf 87' lang='lat' dir='ltr'>vaticinio</span> <span class='ocrx_word' id='word_1_65' title='bbox 958 1920 1104 1986; x_wconf 87' lang='lat' dir='ltr'>deterriti</span> <span class='ocrx_word' id='word_1_66' title='bbox 1120 1943 1191 1985; x_wconf 91' lang='lat' dir='ltr'>cum</span> <span class='ocrx_word' id='word_1_67' title='bbox 1209 1919 1256 1984; x_wconf 93' lang='lat' dir='ltr'>illi</span> <span class='ocrx_word' id='word_1_68' title='bbox 1274 1918 1419 1984; x_wconf 82' lang='lat' dir='ltr'>Thetidis</span> 
     </span>
     <span class='ocr_line' id='line_1_12' title="bbox 248 2026 1419 2111; baseline -0.003 -20"><span class='ocrx_word' id='word_1_69' title='bbox 248 2026 397 2111; x_wconf 87' lang='lat' dir='ltr'>coniugio</span> <span class='ocrx_word' id='word_1_70' title='bbox 422 2026 628 2105; x_wconf 80' lang='lat' dir='ltr'>destitissent,</span> <span class='ocrx_word' id='word_1_71' title='bbox 652 2027 711 2090; x_wconf 90' lang='lat' dir='ltr'>dea</span> <span class='ocrx_word' id='word_1_72' title='bbox 731 2026 822 2091; x_wconf 90' lang='lat' dir='ltr'>Peleo</span> <span class='ocrx_word' id='word_1_73' title='bbox 848 2027 879 2090; x_wconf 93' lang='lat' dir='ltr'>in</span> <span class='ocrx_word' id='word_1_74' title='bbox 905 2027 1142 2092; x_wconf 85' lang='lat' dir='ltr'>matrimonium</span> <span class='ocrx_word' id='word_1_75' title='bbox 1168 2029 1244 2090; x_wconf 86' lang='lat' dir='ltr'>data</span> <span class='ocrx_word' id='word_1_76' title='bbox 1263 2031 1311 2090; x_wconf 87' lang='lat' dir='ltr'>est</span> <span class='ocrx_word' id='word_1_77' title='bbox 1327 2047 1419 2106; x_wconf 88' lang='lat' dir='ltr'>prae·</span> 
     </span>
     <span class='ocr_line' id='line_1_13' title="bbox 248 2133 1420 2218; baseline -0.001 -22"><span class='ocrx_word' id='word_1_78' title='bbox 248 2133 346 2196; x_wconf 91' lang='lat' dir='ltr'>mium</span> <span class='ocrx_word' id='word_1_79' title='bbox 370 2133 529 2197; x_wconf 88' lang='lat' dir='ltr'>castitatis</span> <span class='ocrx_word' id='word_1_80' title='bbox 553 2141 585 2197; x_wconf 87' lang='lat' dir='ltr'>et</span> <span class='ocrx_word' id='word_1_81' title='bbox 606 2133 704 2197; x_wconf 92' lang='lat' dir='ltr'>animi</span> <span class='ocrx_word' id='word_1_82' title='bbox 721 2135 929 2213; x_wconf 86' lang='lat' dir='ltr'>constantiae,</span> <span class='ocrx_word' id='word_1_83' title='bbox 954 2158 1018 2218; x_wconf 91' lang='lat' dir='ltr'>qua</span> <span class='ocrx_word' id='word_1_84' title='bbox 1033 2134 1087 2198; x_wconf 90' lang='lat' dir='ltr'>ille</span> <span class='ocrx_word' id='word_1_85' title='bbox 1103 2135 1200 2215; x_wconf 88' lang='lat' dir='ltr'>paulo</span> <span class='ocrx_word' id='word_1_86' title='bbox 1217 2137 1291 2198; x_wconf 87' lang='lat' dir='ltr'>ante</span> <span class='ocrx_word' id='word_1_87' title='bbox 1307 2133 1420 2197; x_wconf 87' lang='lat' dir='ltr'>Acasti</span> 
     </span>
     <span class='ocr_line' id='line_1_14' title="bbox 248 2238 1419 2323; baseline -0.001 -20"><span class='ocrx_word' id='word_1_88' title='bbox 248 2238 357 2304; x_wconf 86' lang='lat' dir='ltr'>uxoris</span> <span class='ocrx_word' id='word_1_89' title='bbox 373 2240 571 2304; x_wconf 84' lang='lat' dir='ltr'>sustinuerat</span> <span class='ocrx_word' id='word_1_90' title='bbox 588 2240 755 2305; x_wconf 86' lang='lat' dir='ltr'>illecebras</span> <span class='ocrx_word' id='word_1_91' title='bbox 768 2239 794 2322; x_wconf 71' lang='grc'>2)</span> <span class='ocrx_word' id='word_1_92' title='bbox 835 2242 903 2305; x_wconf 85' lang='lat' dir='ltr'>Dea</span> <span class='ocrx_word' id='word_1_93' title='bbox 920 2241 979 2304; x_wconf 84' lang='lat' dir='ltr'>etsi</span> <span class='ocrx_word' id='word_1_94' title='bbox 994 2241 1133 2323; x_wconf 90' lang='lat' dir='ltr'>primum</span> <span class='ocrx_word' id='word_1_95' title='bbox 1152 2240 1236 2304; x_wconf 90' lang='lat' dir='ltr'>Pelei</span> <span class='ocrx_word' id='word_1_96' title='bbox 1253 2240 1419 2321; x_wconf 86' lang='lat' dir='ltr'>amplexus</span> 
     </span>
     <span class='ocr_line' id='line_1_15' title="bbox 248 2348 1419 2432; baseline -0.001 -22"><span class='ocrx_word' id='word_1_97' title='bbox 248 2351 360 2432; x_wconf 87' lang='lat' dir='ltr'>fugere</span> <span class='ocrx_word' id='word_1_98' title='bbox 391 2351 506 2411; x_wconf 87' lang='lat' dir='ltr'>conata</span> <span class='ocrx_word' id='word_1_99' title='bbox 537 2352 602 2426; x_wconf 90' lang='lat' dir='ltr'>est,</span> <span class='ocrx_word' id='word_1_100' title='bbox 633 2370 702 2411; x_wconf 93' lang='lat' dir='ltr'>cum</span> <span class='ocrx_word' id='word_1_101' title='bbox 729 2348 761 2411; x_wconf 92' lang='lat' dir='ltr'>in</span> <span class='ocrx_word' id='word_1_102' title='bbox 787 2349 891 2411; x_wconf 87' lang='lat' dir='ltr'>varias</span> <span class='ocrx_word' id='word_1_103' title='bbox 922 2370 955 2411; x_wconf 91' lang='lat' dir='ltr'>se</span> <span class='ocrx_word' id='word_1_104' title='bbox 979 2351 1120 2412; x_wconf 88' lang='lat' dir='ltr'>mutaret</span> <span class='ocrx_word' id='word_1_105' title='bbox 1146 2348 1280 2426; x_wconf 79' lang='lat' dir='ltr'>formae,</span> <span class='ocrx_word' id='word_1_106' title='bbox 1311 2350 1419 2410; x_wconf 88' lang='lat' dir='ltr'>tamen</span> 
     </span>
     <span class='ocr_line' id='line_1_16' title="bbox 248 2453 1470 2544; baseline 0 -26"><span class='ocrx_word' id='word_1_107' title='bbox 248 2454 386 2519; x_wconf 79' lang='lat' dir='ltr'>Chirone</span> <span class='ocrx_word' id='word_1_108' title='bbox 417 2461 547 2518; x_wconf 87' lang='lat' dir='ltr'>auctore</span> <span class='ocrx_word' id='word_1_109' title='bbox 578 2459 729 2536; x_wconf 82' lang='lat' dir='ltr'>superata</span> <span class='ocrx_word' id='word_1_110' title='bbox 760 2459 792 2518; x_wconf 88' lang='lat' dir='ltr'>et</span> <span class='ocrx_word' id='word_1_111' title='bbox 824 2455 947 2536; x_wconf 88' lang='lat' dir='ltr'>nuptiis</span> <span class='ocrx_word' id='word_1_112' title='bbox 970 2454 1185 2519; x_wconf 88' lang='lat' dir='ltr'>celeberrimis</span> <span class='ocrx_word' id='word_1_113' title='bbox 1210 2478 1228 2518; x_wconf 92' lang='lat' dir='ltr'>a</span> <span class='ocrx_word' id='word_1_114' title='bbox 1252 2453 1300 2518; x_wconf 89' lang='lat' dir='ltr'>dis</span> <span class='ocrx_word' id='word_1_115' title='bbox 1323 2453 1418 2518; x_wconf 92' lang='lat' dir='ltr'>Peleo</span> <span class='ocrx_word' id='word_1_116' title='bbox 1466 2537 1470 2544; x_wconf 25' lang='grc' dir='ltr'>Ι</span> 
     </span>
     <span class='ocr_line' id='line_1_17' title="bbox 249 2561 469 2643; baseline 0 -19"><span class='ocrx_word' id='word_1_117' title='bbox 249 2561 357 2625; x_wconf 86' lang='lat' dir='ltr'>iuncta</span> <span class='ocrx_word' id='word_1_118' title='bbox 381 2561 469 2643; x_wconf 78' lang='lat' dir='ltr'>est.⁸)</span> 
     </span>
    </p>

    <p class='ocr_par' dir='ltr' id='par_1_5' title="bbox 248 2666 1420 3498">
     <span class='ocr_line' id='line_1_18' title="bbox 315 2666 1419 2746; baseline -0.001 -14"><span class='ocrx_word' id='word_1_119' title='bbox 315 2666 422 2732; x_wconf 85' lang='lat' dir='ltr'>lovem</span> <span class='ocrx_word' id='word_1_120' title='bbox 447 2668 653 2744; x_wconf 86' lang='lat' dir='ltr'>vaticinio</span> <span class='ocrx_word' id='word_1_121' title='bbox 685 2670 857 2734; x_wconf 89' lang='lat' dir='ltr'>adductum</span> <span class='ocrx_word' id='word_1_122' title='bbox 882 2692 958 2746; x_wconf 86' lang='lat' dir='ltr'>esse,</span> <span class='ocrx_word' id='word_1_123' title='bbox 983 2674 1019 2733; x_wconf 88' lang='lat' dir='ltr'>ut</span> <span class='ocrx_word' id='word_1_124' title='bbox 1042 2669 1189 2734; x_wconf 86' lang='lat' dir='ltr'>Thetidis</span> <span class='ocrx_word' id='word_1_125' title='bbox 1213 2668 1419 2733; x_wconf 88' lang='lat' dir='ltr'>concubitum</span> 
     </span>
     <span class='ocr_line' id='line_1_19' title="bbox 248 2767 1418 2860; baseline 0.001 -23"><span class='ocrx_word' id='word_1_126' title='bbox 248 2776 385 2858; x_wconf 89' lang='lat' dir='ltr'>fugeret,</span> <span class='ocrx_word' id='word_1_127' title='bbox 409 2779 482 2854; x_wconf 86' lang='lat' dir='ltr'>post</span> <span class='ocrx_word' id='word_1_128' title='bbox 509 2773 728 2839; x_wconf 88' lang='lat' dir='ltr'>Pindarum</span> <span class='ocrx_word' id='word_1_129' title='bbox 754 2767 887 2839; x_wconf 80' lang='lat' dir='ltr'>tradunt</span> <span class='ocrx_word' id='word_1_130' title='bbox 914 2773 945 2855; x_wconf 84' lang='lat'>1)</span> <span class='ocrx_word' id='word_1_131' title='bbox 960 2774 1208 2860; x_wconf 84' lang='lat' dir='ltr'>Aeschylus,</span> <span class='ocrx_word' id='word_1_132' title='bbox 1232 2774 1287 2859; x_wconf 91' lang='lat' dir='ltr'>qui</span> <span class='ocrx_word' id='word_1_133' title='bbox 1311 2778 1418 2838; x_wconf 88' lang='lat' dir='ltr'>tamen</span> 
     </span>
     <span class='ocr_line' id='line_1_20' title="bbox 248 2880 1419 2966; baseline 0 -22"><span class='ocrx_word' id='word_1_134' title='bbox 248 2903 307 2961; x_wconf 92' lang='lat' dir='ltr'>pro</span> <span class='ocrx_word' id='word_1_135' title='bbox 331 2881 516 2966; x_wconf 82' lang='lat' dir='ltr'>tragoediae</span> <span class='ocrx_word' id='word_1_136' title='bbox 540 2882 664 2945; x_wconf 87' lang='lat' dir='ltr'>ratione</span> <span class='ocrx_word' id='word_1_137' title='bbox 681 2881 847 2946; x_wconf 89' lang='lat' dir='ltr'>Themidis</span> <span class='ocrx_word' id='word_1_138' title='bbox 870 2886 980 2964; x_wconf 86' lang='lat' dir='ltr'>partes</span> <span class='ocrx_word' id='word_1_139' title='bbox 1004 2882 1248 2946; x_wconf 89' lang='lat' dir='ltr'>Prometheo</span> <span class='ocrx_word' id='word_1_140' title='bbox 1273 2880 1419 2962; x_wconf 70' lang='lat' dir='ltr'>tribuir)</span> 
     </span>
     <span class='ocr_line' id='line_1_21' title="bbox 248 2986 1419 3074; baseline 0.001 -23"><span class='ocrx_word' id='word_1_141' title='bbox 248 2991 281 3051; x_wconf 90' lang='lat' dir='ltr'>et</span> <span class='ocrx_word' id='word_1_142' title='bbox 319 2986 553 3069; x_wconf 87' lang='lat' dir='ltr'>Neptunum</span> <span class='ocrx_word' id='word_1_143' title='bbox 593 2988 688 3068; x_wconf 89' lang='lat' dir='ltr'>plane</span> <span class='ocrx_word' id='word_1_144' title='bbox 728 2989 889 3074; x_wconf 82' lang='lat' dir='ltr'>neglegit,</span> <span class='ocrx_word' id='word_1_145' title='bbox 927 3012 1121 3073; x_wconf 84' lang='lat' dir='ltr'>quamquam</span> <span class='ocrx_word' id='word_1_146' title='bbox 1143 2987 1342 3053; x_wconf 79' lang='lat' dir='ltr'>yaticinium</span> <span class='ocrx_word' id='word_1_147' title='bbox 1379 2989 1419 3052; x_wconf 88' lang='lat' dir='ltr'>ad</span> 
     </span>
     <span class='ocr_line' id='line_1_22' title="bbox 248 3094 1420 3177; baseline 0 -19"><span class='ocrx_word' id='word_1_148' title='bbox 248 3099 420 3177; x_wconf 89' lang='lat' dir='ltr'>utrumque</span> <span class='ocrx_word' id='word_1_149' title='bbox 459 3099 604 3175; x_wconf 87' lang='lat' dir='ltr'>spectare</span> <span class='ocrx_word' id='word_1_150' title='bbox 644 3094 952 3177; x_wconf 60' lang='lat' dir='ltr'>Reitzensteiniusl)</span> <span class='ocrx_word' id='word_1_151' title='bbox 991 3099 1078 3160; x_wconf 88' lang='lat' dir='ltr'>recte</span> <span class='ocrx_word' id='word_1_152' title='bbox 1116 3096 1257 3160; x_wconf 86' lang='lat' dir='ltr'>ostendit</span> <span class='ocrx_word' id='word_1_153' title='bbox 1293 3094 1420 3159; x_wconf 86' lang='lat' dir='ltr'>collatis</span> 
     </span>
     <span class='ocr_line' id='line_1_23' title="bbox 250 3199 1419 3286; baseline 0.003 -22"><span class='ocrx_word' id='word_1_154' title='bbox 250 3199 380 3264; x_wconf 88' lang='lat' dir='ltr'>Pindari</span> <span class='ocrx_word' id='word_1_155' title='bbox 395 3200 593 3266; x_wconf 85' lang='lat' dir='ltr'>IsthmVlll</span> <span class='ocrx_word' id='word_1_156' title='bbox 605 3205 680 3266; x_wconf 69' lang='lat' dir='ltr'>aar</span> <span class='ocrx_word' id='word_1_157' title='bbox 694 3224 766 3285; x_wconf 61' lang='lat' dir='ltr'>seq.</span> <span class='ocrx_word' id='word_1_158' title='bbox 775 3207 807 3266; x_wconf 90' lang='lat' dir='ltr'>ct</span> <span class='ocrx_word' id='word_1_159' title='bbox 824 3202 975 3286; x_wconf 80' lang='lat' dir='ltr'>Aeschyli</span> <span class='ocrx_word' id='word_1_160' title='bbox 993 3203 1319 3268; x_wconf 80' lang='lat' dir='ltr'>P1·onreth.vers.922</span> <span class='ocrx_word' id='word_1_161' title='bbox 1333 3225 1419 3286; x_wconf 86' lang='lat' dir='ltr'>seqq.</span> 
     </span>
     <span class='ocr_line' id='line_1_24' title="bbox 249 3305 1419 3391; baseline 0 -21"><span class='ocrx_word' id='word_1_162' title='bbox 249 3306 283 3386; x_wconf 81' lang='lat'>2)</span> <span class='ocrx_word' id='word_1_163' title='bbox 301 3305 558 3389; x_wconf 88' lang='lat' dir='ltr'>Apollonius</span> <span class='ocrx_word' id='word_1_164' title='bbox 573 3305 771 3388; x_wconf 84' lang='lat' dir='ltr'>Rhodius,</span> <span class='ocrx_word' id='word_1_165' title='bbox 795 3308 850 3391; x_wconf 92' lang='lat' dir='ltr'>qui</span> <span class='ocrx_word' id='word_1_166' title='bbox 868 3308 1040 3373; x_wconf 86' lang='lat' dir='ltr'>Pindarum</span> <span class='ocrx_word' id='word_1_167' title='bbox 1059 3314 1186 3373; x_wconf 88' lang='lat' dir='ltr'>secutus</span> <span class='ocrx_word' id='word_1_168' title='bbox 1203 3308 1419 3373; x_wconf 84' lang='lat' dir='ltr'>Themidem</span> 
     </span>
     <span class='ocr_line' id='line_1_25' title="bbox 249 3411 1417 3498; baseline 0.001 -22"><span class='ocrx_word' id='word_1_169' title='bbox 249 3411 418 3476; x_wconf 83' lang='lat' dir='ltr'>vaticinari</span> <span class='ocrx_word' id='word_1_170' title='bbox 441 3413 538 3498; x_wconf 85' lang='lat' dir='ltr'>fingit</span> <span class='ocrx_word' id='word_1_171' title='bbox 549 3412 585 3495; x_wconf 70' lang='grc' dir='ltr'>ὅ),</span> <span class='ocrx_word' id='word_1_172' title='bbox 609 3414 723 3478; x_wconf 89' lang='lat' dir='ltr'>ceteris</span> <span class='ocrx_word' id='word_1_173' title='bbox 746 3436 822 3479; x_wconf 85' lang='lat' dir='ltr'>vero</span> <span class='ocrx_word' id='word_1_174' title='bbox 847 3415 880 3478; x_wconf 91' lang='lat' dir='ltr'>in</span> <span class='ocrx_word' id='word_1_175' title='bbox 904 3416 999 3479; x_wconf 89' lang='lat' dir='ltr'>rebus</span> <span class='ocrx_word' id='word_1_176' title='bbox 1022 3416 1118 3497; x_wconf 87' lang='lat' dir='ltr'>plane</span> <span class='ocrx_word' id='word_1_177' title='bbox 1142 3416 1182 3479; x_wconf 88' lang='lat' dir='ltr'>ab</span> <span class='ocrx_word' id='word_1_178' title='bbox 1207 3438 1243 3479; x_wconf 90' lang='lat' dir='ltr'>eo</span> <span class='ocrx_word' id='word_1_179' title='bbox 1268 3414 1417 3492; x_wconf 82' lang='lat' dir='ltr'>discedit3</span> 
     </span>
    </p>
   </div>
   <div class='ocr_carea' id='block_1_4' title="bbox 249 3551 1418 4338">
    <p class='ocr_par' dir='ltr' id='par_1_6' title="bbox 325 3551 885 3625">
     <span class='ocr_line' id='line_1_26' title="bbox 325 3551 885 3625; baseline 0.007 -18"><span class='ocrx_word' id='word_1_180' title='bbox 325 3551 341 3617; x_wconf 90' lang='lat'>¹)</span> <span class='ocrx_word' id='word_1_181' title='bbox 360 3554 457 3611; x_wconf 85' lang='lat' dir='ltr'>lsthm.</span> <span class='ocrx_word' id='word_1_182' title='bbox 479 3555 545 3609; x_wconf 90' lang='lat' dir='ltr'>Vlll</span> <span class='ocrx_word' id='word_1_183' title='bbox 566 3556 600 3609; x_wconf 82' lang='lat'>26</span> <span class='ocrx_word' id='word_1_184' title='bbox 619 3573 696 3625; x_wconf 87' lang='lat' dir='ltr'>seqq.</span> <span class='ocrx_word' id='word_1_185' title='bbox 722 3557 763 3611; x_wconf 92' lang='lat' dir='ltr'>ed.</span> <span class='ocrx_word' id='word_1_186' title='bbox 784 3556 885 3611; x_wconf 82' lang='lat' dir='ltr'>Christ.</span> 
     </span>
    </p>

    <p class='ocr_par' dir='ltr' id='par_1_7' title="bbox 324 3638 885 3709">
     <span class='ocr_line' id='line_1_27' title="bbox 324 3638 885 3709; baseline 0.005 -13"><span class='ocrx_word' id='word_1_187' title='bbox 324 3638 341 3705; x_wconf 79' lang='lat' dir='ltr'>&#39;l</span> <span class='ocrx_word' id='word_1_188' title='bbox 360 3643 395 3698; x_wconf 87' lang='lat' dir='ltr'>cf.</span> <span class='ocrx_word' id='word_1_189' title='bbox 415 3643 584 3698; x_wconf 86' lang='lat' dir='ltr'>Nemeorum</span> <span class='ocrx_word' id='word_1_190' title='bbox 603 3644 629 3698; x_wconf 87' lang='lat' dir='ltr'><strong>V</strong></span> <span class='ocrx_word' id='word_1_191' title='bbox 648 3644 762 3709; x_wconf 82' lang='lat'><strong>27-36‚</strong></span> <span class='ocrx_word' id='word_1_192' title='bbox 785 3646 823 3699; x_wconf 92' lang='lat' dir='ltr'>IV</span> <span class='ocrx_word' id='word_1_193' title='bbox 844 3647 885 3699; x_wconf 88' lang='lat'>61.</span> 
     </span>
    </p>

    <p class='ocr_par' dir='ltr' id='par_1_8' title="bbox 323 3727 971 3802">
     <span class='ocr_line' id='line_1_28' title="bbox 323 3727 971 3802; baseline 0.006 -18"><span class='ocrx_word' id='word_1_194' title='bbox 323 3727 341 3794; x_wconf 82' lang='lat'>⁸)</span> <span class='ocrx_word' id='word_1_195' title='bbox 361 3732 395 3785; x_wconf 89' lang='lat' dir='ltr'>cf.</span> <span class='ocrx_word' id='word_1_196' title='bbox 415 3731 584 3788; x_wconf 88' lang='lat' dir='ltr'>Nemeorum</span> <span class='ocrx_word' id='word_1_197' title='bbox 604 3734 643 3788; x_wconf 88' lang='lat' dir='ltr'>IV</span> <span class='ocrx_word' id='word_1_198' title='bbox 662 3735 776 3799; x_wconf 80' lang='lat'><strong>62-68‚</strong></span> <span class='ocrx_word' id='word_1_199' title='bbox 797 3735 821 3788; x_wconf 91' lang='lat' dir='ltr'>V</span> <span class='ocrx_word' id='word_1_200' title='bbox 841 3735 875 3788; x_wconf 81' lang='lat'>32</span> <span class='ocrx_word' id='word_1_201' title='bbox 894 3754 971 3802; x_wconf 85' lang='lat' dir='ltr'>seqq.</span> 
     </span>
    </p>

    <p class='ocr_par' dir='ltr' id='par_1_9' title="bbox 249 3818 1418 4071">
     <span class='ocr_line' id='line_1_29' title="bbox 323 3818 1418 3892; baseline 0.004 -18"><span class='ocrx_word' id='word_1_202' title='bbox 323 3818 342 3884; x_wconf 85' lang='lat'>⁴)</span> <span class='ocrx_word' id='word_1_203' title='bbox 362 3822 505 3876; x_wconf 86' lang='lat' dir='ltr'>Prometh.</span> <span class='ocrx_word' id='word_1_204' title='bbox 526 3841 550 3876; x_wconf 88' lang='grc' dir='ltr'>ν.</span> <span class='ocrx_word' id='word_1_205' title='bbox 571 3824 623 3877; x_wconf 85' lang='grc'>756</span> <span class='ocrx_word' id='word_1_206' title='bbox 643 3841 727 3892; x_wconf 77' lang='lat' dir='ltr'>seqq,</span> <span class='ocrx_word' id='word_1_207' title='bbox 748 3824 799 3879; x_wconf 81' lang='lat'>907</span> <span class='ocrx_word' id='word_1_208' title='bbox 820 3843 912 3892; x_wconf 88' lang='lat' dir='ltr'>seqq.;</span> <span class='ocrx_word' id='word_1_209' title='bbox 941 3825 972 3876; x_wconf 88' lang='grc' dir='ltr'>Τ.</span> <span class='ocrx_word' id='word_1_210' title='bbox 992 3825 1024 3879; x_wconf 78' lang='lat' dir='ltr'>G.</span> <span class='ocrx_word' id='word_1_211' title='bbox 1044 3821 1088 3879; x_wconf 56' lang='grc' dir='ltr'>ΒΨ</span> <span class='ocrx_word' id='word_1_212' title='bbox 1106 3825 1149 3879; x_wconf 89' lang='lat' dir='ltr'>ed.</span> <span class='ocrx_word' id='word_1_213' title='bbox 1168 3823 1202 3879; x_wconf 88' lang='lat' dir='ltr'>N.</span> <span class='ocrx_word' id='word_1_214' title='bbox 1222 3843 1285 3892; x_wconf 84' lang='lat' dir='ltr'>pag.</span> <span class='ocrx_word' id='word_1_215' title='bbox 1305 3826 1354 3888; x_wconf 83' lang='lat'>63;</span> <span class='ocrx_word' id='word_1_216' title='bbox 1384 3827 1418 3879; x_wconf 88' lang='lat' dir='ltr'>cf.</span> 
     </span>
     <span class='ocr_line' id='line_1_30' title="bbox 249 3909 1416 3982; baseline 0.007 -21"><span class='ocrx_word' id='word_1_217' title='bbox 249 3909 386 3977; x_wconf 87' lang='lat' dir='ltr'>Hygini</span> <span class='ocrx_word' id='word_1_218' title='bbox 417 3911 472 3965; x_wconf 88' lang='lat' dir='ltr'>fab.</span> <span class='ocrx_word' id='word_1_219' title='bbox 493 3912 540 3975; x_wconf 74' lang='lat'>543</span> <span class='ocrx_word' id='word_1_220' title='bbox 569 3913 694 3967; x_wconf 85' lang='lat' dir='ltr'>eiusdem</span> <span class='ocrx_word' id='word_1_221' title='bbox 713 3916 819 3968; x_wconf 89' lang='lat' dir='ltr'>astron.</span> <span class='ocrx_word' id='word_1_222' title='bbox 847 3915 942 3977; x_wconf 85' lang='lat'>1115;</span> <span class='ocrx_word' id='word_1_223' title='bbox 971 3914 1088 3982; x_wconf 90' lang='lat' dir='ltr'>Apoll.</span> <span class='ocrx_word' id='word_1_224' title='bbox 1120 3914 1187 3968; x_wconf 89' lang='lat' dir='ltr'>bibl.</span> <span class='ocrx_word' id='word_1_225' title='bbox 1215 3914 1254 3967; x_wconf 94' lang='lat' dir='ltr'>Ill</span> <span class='ocrx_word' id='word_1_226' title='bbox 1276 3915 1326 3968; x_wconf 88' lang='lat'>168</span> <span class='ocrx_word' id='word_1_227' title='bbox 1345 3932 1416 3982; x_wconf 87' lang='lat' dir='ltr'>seq.;</span> 
     </span>
     <span class='ocr_line' id='line_1_31' title="bbox 249 3999 1218 4071; baseline 0.005 -19"><span class='ocrx_word' id='word_1_228' title='bbox 249 3999 406 4053; x_wconf 63' lang='lat' dir='ltr'>liuciani</span> <span class='ocrx_word' id='word_1_229' title='bbox 432 4000 499 4054; x_wconf 85' lang='lat' dir='ltr'>dial.</span> <span class='ocrx_word' id='word_1_230' title='bbox 519 4001 593 4056; x_wconf 91' lang='lat' dir='ltr'>deor.</span> <span class='ocrx_word' id='word_1_231' title='bbox 613 4003 641 4065; x_wconf 90' lang='lat' dir='ltr'>l;</span> <span class='ocrx_word' id='word_1_232' title='bbox 664 4002 794 4064; x_wconf 82' lang='lat' dir='ltr'>Quinti</span> <span class='ocrx_word' id='word_1_233' title='bbox 814 4003 1008 4071; x_wconf 89' lang='lat' dir='ltr'>Smyrnaei</span> <span class='ocrx_word' id='word_1_234' title='bbox 1027 4003 1052 4056; x_wconf 91' lang='lat' dir='ltr'>V</span> <span class='ocrx_word' id='word_1_235' title='bbox 1071 4004 1123 4056; x_wconf 86' lang='lat'>335</span> <span class='ocrx_word' id='word_1_236' title='bbox 1142 4020 1218 4071; x_wconf 88' lang='lat' dir='ltr'>seqq.</span> 
     </span>
    </p>

    <p class='ocr_par' dir='ltr' id='par_1_10' title="bbox 249 4085 1416 4247">
     <span class='ocr_line' id='line_1_32' title="bbox 323 4085 1416 4158; baseline 0.002 -14"><span class='ocrx_word' id='word_1_237' title='bbox 323 4085 341 4154; x_wconf 79' lang='lat'>⁵)</span> <span class='ocrx_word' id='word_1_238' title='bbox 362 4089 429 4157; x_wconf 89' lang='lat' dir='ltr'>,Die</span> <span class='ocrx_word' id='word_1_239' title='bbox 449 4091 586 4146; x_wconf 87' lang='lat' dir='ltr'>Hochzeit</span> <span class='ocrx_word' id='word_1_240' title='bbox 610 4092 658 4146; x_wconf 87' lang='lat' dir='ltr'>des</span> <span class='ocrx_word' id='word_1_241' title='bbox 678 4092 776 4147; x_wconf 89' lang='lat' dir='ltr'>Peleus</span> <span class='ocrx_word' id='word_1_242' title='bbox 804 4093 861 4146; x_wconf 91' lang='lat' dir='ltr'>und</span> <span class='ocrx_word' id='word_1_243' title='bbox 880 4094 930 4148; x_wconf 90' lang='lat' dir='ltr'>der</span> <span class='ocrx_word' id='word_1_244' title='bbox 948 4090 1070 4149; x_wconf 75' lang='lat' dir='ltr'>rhetis.“</span> <span class='ocrx_word' id='word_1_245' title='bbox 1110 4093 1231 4149; x_wconf 87' lang='lat' dir='ltr'>Hermae</span> <span class='ocrx_word' id='word_1_246' title='bbox 1251 4094 1353 4148; x_wconf 88' lang='lat' dir='ltr'>volum.</span> <span class='ocrx_word' id='word_1_247' title='bbox 1372 4093 1416 4158; x_wconf 80' lang='lat'>35,</span> 
     </span>
     <span class='ocr_line' id='line_1_33' title="bbox 249 4178 494 4247; baseline 0.004 -14"><span class='ocrx_word' id='word_1_248' title='bbox 249 4196 313 4247; x_wconf 80' lang='lat' dir='ltr'>pag.</span> <span class='ocrx_word' id='word_1_249' title='bbox 334 4178 368 4234; x_wconf 78' lang='lat'>74</span> <span class='ocrx_word' id='word_1_250' title='bbox 386 4180 450 4234; x_wconf 87' lang='lat' dir='ltr'>adn.</span> <span class='ocrx_word' id='word_1_251' title='bbox 472 4180 494 4234; x_wconf 92' lang='lat'>1.</span> 
     </span>
    </p>

    <p class='ocr_par' dir='ltr' id='par_1_11' title="bbox 324 4263 744 4338">
     <span class='ocr_line' id='line_1_34' title="bbox 324 4263 744 4338; baseline 0.012 -15"><span class='ocrx_word' id='word_1_252' title='bbox 324 4263 342 4333; x_wconf 72' lang='lat' dir='ltr'>&#39;l</span> <span class='ocrx_word' id='word_1_253' title='bbox 361 4269 517 4338; x_wconf 86' lang='lat' dir='ltr'>Argonaut.</span> <span class='ocrx_word' id='word_1_254' title='bbox 538 4270 575 4323; x_wconf 93' lang='lat' dir='ltr'>lV</span> <span class='ocrx_word' id='word_1_255' title='bbox 595 4269 744 4328; x_wconf 80' lang='lat' dir='ltr'>res-802.</span> 
     </span>
    </p>
   </div>
   <div class='ocr_carea' id='block_1_5' title="bbox 0 0 1652 5034">
    <p class='ocr_par' dir='ltr' id='par_1_12' title="bbox 0 0 1652 5034">
     <span class='ocr_line' id='line_1_35' title="bbox 0 0 1652 5034; baseline 0 0"><span class='ocrx_word' id='word_1_256' title='bbox 0 0 1652 5034; x_wconf 95' lang='lat' dir='ltr'> </span> 
     </span>
    </p>
   </div>
  </div>
 </body>
</html>
