3292 5034
738 493 960 557 ,33-

263 687 376 773 quales
400 687 519 769 partim
543 687 637 752 nobis
654 693 861 752 conservatae
877 694 952 752 sunt
969 687 1126 769 Pompeis
1150 689 1267 769 partim
1285 688 1438 753 describit

261 795 556 860 Philostratus
595 795 696 858 maior
732 795 870 876 Neapoli
905 795 1075 877 inspectae.
1134 797 1242 878 Atque
1276 795 1435 876 picturam

261 901 398 967 similem
430 903 458 966 ei
490 901 721 982 Pompeianae,
753 926 816 986 qua
848 902 1042 983 lepidissime
1073 902 1251 966 Centaurus
1276 902 1434 967 Achillem

261 1031 395 1091 puerum
420 1009 587 1090 amplexus
604 1009 760 1073 citharam
777 1011 895 1074 docens
912 1009 1138 1094 depingitur1),
1162 1015 1258 1090 poeta
1274 1008 1437 1073 illustrare

260 1117 386 1182 videtur
416 1116 561 1181 versibus
593 1115 644 1179 his
655 1115 697 1199 Β),
730 1117 785 1180 ubi
817 1117 934 1181 Chiron
960 1118 999 1179 ad
1023 1115 1191 1180 Thetidem
1216 1117 1435 1180 delectandum

421 1225 502 1288 elicit
527 1231 658 1287 eutremo
682 1225 787 1309 chelym
812 1232 839 1288 et
861 1225 997 1288 seleutia
1022 1245 1115 1287 curos
1193 1253 1196 1259 ’

418 1333 475 1414 filu
498 1341 594 1398 mouet
618 1334 780 1416 leviterque
804 1340 945 1415 expertus
963 1331 1075 1414 pollice
1099 1330 1231 1395 chordas

421 1440 476 1502 dut
495 1461 603 1523 puero.
628 1441 713 1503 cauit
736 1440 787 1502 uu
810 1438 908 1502 tideus
943 1461 968 1503 e.
982 1461 1011 1521 q.
1025 1461 1048 1504 s.

260 1547 303 1610 Et
335 1569 432 1629 quam
467 1546 761 1610 Philostratus
797 1544 948 1609 describit
983 1544 1195 1630 imaginem⁸)
1228 1544 1335 1608 verbis
1367 1545 1433 1611 his:

260 1652 279 1713 ὁ
303 1651 342 1714 δὲ
365 1653 403 1714 ἐν
427 1660 473 1732 τῷ
498 1652 601 1734 πεὸλῳ
625 1664 702 1731 παῖς
726 1652 745 1713 ὁ
769 1651 913 1738 ἱππηδὸν
931 1653 983 1713 ἐπὶ
1000 1661 1060 1713 τοῦ
1077 1650 1280 1733 Κενταύρου
1296 1648 1435 1733 ἀθύρων

260 1758 407 1839 ὁαύτός
429 1759 478 1821 ἔτι
510 1759 567 1842 (sc.
598 1762 636 1823 de
666 1783 729 1844 quo
761 1759 852 1840 prius
876 1760 958 1845 egi).
994 1758 1144 1821 ὁιὸάσνει
1168 1758 1187 1819 ὁ
1214 1756 1351 1839 Χείρων
1375 1759 1435 1820 τὸν
1464 1838 1468 1844 Ι

259 1864 412 1952 Ἀχιλλέα
443 1863 641 1946 cunegundae
671 1869 726 1928 unt
756 1863 943 1953 κεχρῆσθαι
973 1867 1064 1945 αὐτῷ
1096 1869 1144 1946 ὡς
1167 1869 1253 1945 ἵππῳ
1276 1867 1331 1927 ναὶ
1353 1865 1434 1945 ξυμ-

256 1983 428 2055 perpateat
456 1973 522 2051 μὲν
552 1973 611 2035 τὸν
643 1973 773 2055 ὁρόμον
802 1977 852 2052 εἰς
875 1972 915 2034 τὸ
943 1972 1086 2036 ἀνεκτὸν
1116 1981 1163 2052 τῷ
1187 1972 1280 2035 uacet
1309 1993 1338 2033 ν.
1351 1992 1379 2033 τ.
1392 1970 1432 2043 λ.,

259 2081 367 2144 eadem
392 2081 529 2145 fortasse
555 2085 611 2160 est,
642 2103 737 2164 quam
762 2079 886 2144 Statius
910 2081 1143 2162 interpretatur
1167 2081 1311 2144 versibus
1334 2079 1432 2161 his⁴):

418 2209 507 2271 suepe
530 2191 595 2272 ipse
616 2189 719 2272 produ
744 2210 790 2252 me
807 2195 954 2272 praepete
979 2188 1104 2270 Chimu,

419 2295 493 2357 dum
518 2297 603 2358 celox
626 2303 719 2372 uetus,
744 2317 825 2358 euru
829 2297 896 2379 pis
920 2295 1075 2359 adertissus
1098 2295 1206 2379 upebut

419 2402 568 2483 omuibus,
592 2403 833 2488 exhaustumque
857 2424 932 2486 napo
955 2425 1019 2486 per
1039 2406 1218 2486 prorutum
1236 2424 1336 2486 passu

419 2509 570 2572 tondedat
591 2511 731 2593 puudeus
755 2517 847 2595 utque
870 2512 906 2573 iu
932 2532 999 2574 suu
1022 2517 1125 2594 terpu
1149 2509 1336 2589 leuabat.⁵)

325 2615 392 2679 Iam
417 2615 604 2699 priusquam
623 2616 697 2680 huic
714 2617 800 2698 parti
816 2618 911 2680 finem
927 2617 1139 2698 imponamus,
1163 2617 1318 2682 nonnulla
1337 2617 1434 2681 liceat

260 2725 390 2802 addere,
425 2745 522 2806 quae,
557 2723 617 2788 etsi
653 2725 692 2788 ad
730 2724 945 2788 Homerum
980 2725 1160 2788 revocanda
1194 2746 1262 2787 esse
1298 2729 1433 2805 apparet

258 2835 431 2909 auctorem,
455 2834 563 2893 tamen
588 2830 710 2894 Statius
734 2830 858 2912 primus
881 2854 938 2895 sna
962 2837 1031 2895 arte
1054 2831 1181 2911 poetica
1203 2831 1332 2894 fabulae
1352 2831 1432 2896 bene

258 2937 384 3000 videtur
417 2936 606 3002 inseruisse:
645 2939 675 3016 l)
707 2939 791 3021 quod
816 2937 977 3002 Homerus
1009 2937 1108 3002 tradit
1141 2937 1300 3003 Achillem
1334 2962 1432 3002 uuum

257 3043 400 3124 potuisse
417 3044 543 3108 vibrare
567 3043 670 3130 ἔγχος
685 3043 786 3126 βριθὺ
799 3045 888 3127 μέγα
903 3043 1074 3127 στιβαρόν,
1092 3043 1248 3132 Πηλιάδα
1265 3044 1386 3131 μελίην
1397 3047 1432 3128 ⁶),

257 3151 396 3216 Statium
414 3151 522 3230 movit,
545 3156 582 3215 ut
597 3152 736 3236 fingeret
751 3152 912 3217 Achillem
928 3175 1062 3233 parvum
1079 3153 1143 3216 iam
1160 3155 1244 3234 apud
1261 3153 1432 3217 Chironem

251 3261 364 3343 patrie
386 3280 418 3322 se
441 3261 608 3323 metientem
632 3261 666 3322 iu
689 3261 780 3323 tusto
805 3259 834 3340 (l
851 3257 916 3338 41),
941 3259 1003 3323 nisi
1027 3281 1097 3323 eum
1123 3260 1266 3323 Valeri
1289 3259 1431 3324 Flacci

257 3365 403 3446 exemplo
428 3367 601 3430 adductum
625 3388 693 3430 esse
715 3369 876 3447 putemne,
899 3365 955 3449 qui
975 3366 1105 3430 Peleum
1122 3367 1280 3430 dicentem
1296 3368 1375 3430 facit
1388 3367 1430 3447 ἵ);

257 3473 313 3535 suh
336 3480 364 3536 te
464 3475 611 3557 mupistro
721 3481 860 3537 uestrum
886 3474 1011 3556 festinet
1041 3475 1084 3536 ud
1112 3475 1253 3553 lustum·
1288 3475 1322 3555 2)
1346 3476 1430 3558 quod

333 3719 349 3784 ¹)
370 3723 404 3776 cf.
424 3721 557 3777 Roscheri
575 3723 685 3777 lexicon
704 3723 860 3792 mytholog.
880 3742 901 3778 s.
916 3743 941 3776 v.
960 3723 1093 3788 Achilles,
1114 3724 1258 3778 Overbeck
1276 3724 1295 3776 l.
1306 3725 1324 3779 l.
1335 3743 1376 3778 nr.
1390 3725 1430 3778 la.

331 3807 349 3875 ⁹)
369 3812 437 3866 Acb.
458 3812 470 3864 I
492 3811 542 3866 186
562 3829 638 3880 seqq.

331 3897 349 3963 ⁸)
369 3901 440 3966 112,
460 3902 485 3954 5.

330 3987 348 4053 ⁴)
369 3991 396 4043 Il
416 3990 467 4044 113
486 4008 571 4058 seqq,
591 3991 639 4045 ubi
659 3992 782 4046 Achilles
802 3994 907 4045 narrat.

331 4076 349 4144 ⁸)
363 4080 518 4134 ctValer.
532 4081 648 4134 Flacci
662 4082 673 4134 Ι
686 4082 737 4135 140
748 4082 935 4136 dePatroclo:
950 4084 1038 4134 discut
1051 4101 1127 4150 eques
1139 4086 1245 4150 placidi
1257 4086 1432 4137 conscendere

256 4177 332 4236 terpo
350 4172 479 4236 mapistm'
497 4169 543 4231 (sc.
561 4173 671 4236 puriter
691 4172 813 4233 Achilli),

330 4253 348 4321 ⁶)
367 4256 398 4307 ll
415 4258 465 4311 140
484 4276 571 4324 seqq,
598 4257 688 4311 T387
708 4276 784 4327 seqq.
805 4260 841 4313 al.
946 4335 948 4342 Ι

331 4342 348 4408 ἳ)
368 4348 380 4399 Ι
399 4347 451 4401 266
471 4365 548 4417 seqq.
