3292 5034
737 471 1051 540 -raa‘

260 667 388 738 fabulae
412 672 517 754 specie
541 693 735 757 magnopere
759 672 893 737 discedit
917 695 962 753 ea,
986 697 1080 759 quam
1106 676 1240 740 adnotat
1258 669 1432 741 scholiasta

260 784 299 846 ad
323 781 433 846 Iliadis
459 780 488 842 Τ
509 782 604 863 326¹)
634 781 774 861 primum
798 803 845 857 eo,
874 782 958 863 quod
983 780 1097 846 Peleus
1120 805 1254 864 puerum
1279 784 1339 848 fati
1364 784 1432 848 eius

260 912 381 975 gnarus
410 890 444 953 in
468 888 601 973 Scyrum
632 888 795 968 profectus
819 887 989 970 Lycomedi
1023 890 1169 967 mandat,
1200 891 1313 956 deinde
1346 894 1430 976 quod

260 999 453 1082 Lycomedes
484 1018 617 1078 puerum
649 1017 713 1059 non
747 994 874 1059 nescius
908 995 976 1058 eius
1010 996 1138 1079 generis
1173 997 1310 1063 feminea
1343 1005 1431 1064 veste

259 1107 404 1171 indutum
440 1103 620 1189 virginibus
656 1101 801 1166 inmittit.
849 1101 919 1177 Qua
952 1100 1077 1165 ratione
1110 1106 1306 1184 exspectatio
1339 1106 1431 1170 valde

260 1213 429 1291 minuitur;
464 1234 538 1278 nam
571 1210 779 1294 Lycomedes
813 1208 838 1272 si
867 1207 1014 1272 conscius
1046 1209 1280 1276 adulescentem
1314 1213 1431 1294 puellis

259 1308 456 1406 aggregarit,
484 1323 597 1399 stupro
622 1316 807 1382 Deidamiae
833 1315 951 1394 audito,
975 1316 1059 1399 quod
1084 1316 1163 1380 talia
1186 1324 1340 1383 eventura
1363 1343 1431 1384 esse

258 1429 320 1492 iam
339 1427 460 1509 pridem
478 1430 630 1510 potuerat
646 1423 822 1507 providere,
839 1429 1009 1503 tantopere
1021 1445 1086 1487 non
1099 1426 1277 1505 mirabitur,
1293 1432 1430 1510 quanto-

259 1559 334 1618 pere
358 1537 441 1617 apud
466 1534 604 1600 Statium
629 1533 845 1615 stupefactum
871 1537 903 1596 et
925 1532 1043 1598 iratum
1069 1556 1139 1598 eum
1157 1533 1335 1598 videbimus
1354 1538 1429 1599 con·

259 1645 369 1710 cubitu
405 1648 517 1723 aperto
543 1639 727 1707 Deidamiae
757 1646 789 1704 et
812 1639 984 1706 simulatae
1014 1641 1163 1726 virginis,
1194 1664 1289 1725 quam
1324 1663 1429 1706 veram

259 1774 328 1817 esse
358 1754 537 1833 putaverat.
592 1749 771 1813 Secundum
809 1747 1016 1812 scholiastam
1053 1749 1248 1833 Lycomedes
1282 1749 1430 1813 conscius

259 1860 387 1924 Peleum
420 1857 550 1922 adiuvat
582 1855 614 1918 in
639 1855 766 1920 Achille
798 1854 883 1918 hello
914 1855 1131 1936 surripieudo‚
1162 1855 1208 1919 nil
1232 1857 1270 1919 de
1294 1855 1429 1920 Thetide

258 1967 388 2051 eiusque
420 1964 511 2030 dolia.
558 1964 686 2040 Quanto
711 1963 877 2027 venustius
909 1967 943 2026 et
975 1962 1247 2056 acutiuslStatius
1278 1985 1342 2027 rem
1376 1965 1429 2028 de-

258 2075 380 2159 pingit!
429 2072 529 2147 Quam
564 2070 691 2152 copiose
724 2075 757 2135 et
789 2076 902 2134 ornate
932 2069 1127 2144 lineamenta
1156 2070 1285 2134 fabulae
1309 2070 1429 2134 tradita

258 2205 315 2246 sua
346 2186 414 2245 arte
443 2178 586 2265 fingendi
620 2177 709 2241 auxit
733 2181 765 2241 et
789 2177 982 2243 illustravit!
1030 2175 1114 2241 Nam
1139 2177 1276 2258 primum
1302 2177 1427 2262 quidem

258 2289 342 2373 quod
367 2286 527 2352 Achillem
552 2284 722 2348 aThetide
739 2283 868 2348 Chironi
893 2283 1022 2348 credulo
1046 2284 1114 2348 seni
1138 2285 1231 2369 quasi
1249 2285 1337 2349 furto
1353 2285 1429 2349 suh-

258 2398 386 2460 ductum
412 2399 445 2458 et
469 2392 694 2474 delphinorum
719 2391 795 2476 iugo
820 2391 852 2454 in
877 2390 1011 2474 Scyrum
1036 2392 1180 2455 ablatum
1199 2391 1305 2477 fingit,
1328 2391 1429 2472 ipsius

259 2502 390 2588 ingenio
415 2506 463 2567 est
491 2499 705 2566 tribuendum.
746 2497 878 2576 Deinde,
901 2498 986 2581 quod
1010 2497 1124 2562 Thetis
1146 2520 1280 2579 puerum
1306 2503 1427 2562 trucem

258 2616 290 2675 et
313 2609 508 2692 pertinacem
542 2606 675 2671 consilio
703 2628 760 2670 suo
785 2605 957 2670 conciliare
981 2605 1102 2669 frustra
1126 2607 1234 2669 studet
1258 2626 1315 2668 uec
1339 2588 1429 2686 prius

258 2740 338 2794 eum,
353 2721 389 2782 ut
401 2717 496 2799 foeda
513 2715 627 2778 subeat
643 2717 786 2798 tcpminu,
799 2717 916 2792 movet,
929 2735 1024 2795 quam
1040 2711 1225 2776 Deidamiae
1238 2717 1428 2794 conspectae

257 2847 365 2889 amore
389 2823 537 2888 incensus
561 2826 618 2898 est,
651 2843 746 2904 quam
772 2821 812 2883 ad
836 2841 903 2883 rem
927 2818 1125 2891 efficiendam
1150 2819 1268 2883 festum
1294 2819 1428 2904 lingitur

256 2932 421 2996 Minervae
444 2934 550 2995 actum
574 2929 723 3007 litoreae,
748 2927 808 2990 hoc
832 2947 960 3010 quoque
983 2924 1067 2990 Stati
1090 2926 1256 3006 proprium
1281 2933 1345 3005 est,
1369 2947 1427 2989 nec

257 3039 361 3104 minus
385 3037 477 3122 orgia
500 3035 675 3113 Bacchica,
706 3035 822 3119 quibus
847 3035 942 3098 ardor
965 3031 1101 3097 Achillis
1125 3033 1179 3096 diu
1202 3036 1349 3096 retentus
1372 3053 1427 3095 ex-

256 3147 393 3228 pleatur,
417 3144 563 3229 denique,
587 3143 672 3226 quod
690 3141 858 3207 Deidamia
875 3140 987 3221 culpae
1005 3139 1132 3204 conscia
1148 3137 1252 3220 stupri
1268 3137 1427 3203 consciam

255 3254 335 3318 facit
358 3252 518 3318 neminem
543 3250 603 3314 nisi
628 3249 794 3329 nutricem,
819 3248 880 3312 hoc
903 3270 1039 3331 quoque,
1064 3246 1122 3310 etsi
1149 3267 1198 3309 res
1214 3247 1299 3327 apud
1314 3250 1428 3326 poetas

332 3448 349 3514 ¹)
368 3451 470 3504 Locum
500 3447 640 3502 exseribo:
671 3441 742 3513 ἠδέ
761 3444 850 3512 ἑτέρα
878 3444 989 3510 ἱστορία
1016 3443 1075 3511 ἔχει
1092 3443 1200 3507 οὓτως.
1225 3435 1427 3508 Ἀλεξάνδρου

258 3539 385 3606 Ἑλένην
407 3535 599 3604 ἁρπάσαντος
613 3528 811 3603 Ἀγαμέμνων
839 3533 887 3584 καί
904 3531 1066 3597 Μενέλαος
1092 3532 1161 3596 τοὺς
1178 3529 1330 3598 Ἓλληνας
1353 3530 1427 3582 κατὰ

254 3635 314 3682 τῶν
330 3627 440 3695 Τρώων
458 3623 725 3694 ἐστρατολόγησαν.
757 3623 874 3690 Πηλεὺς
892 3618 926 3673 δέ
944 3620 1162 3688 προγινώσκων
1181 3619 1223 3676 ὅτι
1234 3616 1378 3687 μοιρίδιον
1392 3616 1427 3687 ἦν

255 3720 289 3771 ἐν
311 3718 398 3785 Τροίᾳ
417 3717 520 3768 θανεῖν
536 3709 675 3782 Ἀχιλλέα
693 3711 942 3780 παραγενόμενος
966 3711 1010 3775 εἰς
1027 3708 1139 3776 Σκῦρον
1157 3707 1236 3774 πρὸς
1253 3705 1428 3776 Λυκομήδην

255 3807 307 3860 τὸν
323 3804 449 3875 βασιλέα
467 3803 618 3870 παρέθετο
637 3801 689 3854 τὸν
704 3797 860 3869 Ἀχιλλέα.
881 3799 898 3851 δ
917 3796 951 3851 δέ
969 3799 1140 3867 γυναικείαν
1153 3797 1264 3865 ἐσθῆτα
1277 3796 1428 3864 ἀμφιέσας

257 3897 299 3963 ὡς
316 3895 407 3963 κόρην
426 3893 572 3960 ἀνέτρεφε
588 3891 663 3958 μετὰ
682 3897 742 3942 τῶν
760 3888 943 3958 θυγατέρων.
975 3890 1115 3957 Sequitur,
1135 3905 1190 3956 quo
1210 3888 1293 3942 modo
1306 3886 1427 3940 Achilles

255 3989 291 4041 ab
312 3985 391 4039 Ulixe
411 3985 536 4038 detectus
556 3982 593 4036 sit
612 3986 642 4036 et
660 3983 695 4036 ad
715 3981 829 4036 Troiam
849 3980 1000 4049 profectus.
1029 3976 1125 4044 Pergit
1144 3976 1258 4031 deinde:
1278 3975 1427 4042 apocopen

255 4072 290 4128 δέ
316 4081 379 4139 ταῖς
402 4070 567 4138 παρθένοις
592 4067 803 4138 συνδιατρίβων
831 4069 955 4136 ἔφθειρε
973 4063 1130 4134 Δηιδαμίαν
1158 4064 1209 4132 τὴν
1228 4060 1427 4131 Λυκομήδους,
1519 4083 1522 4089 ’

255 4165 317 4232 ἣτις
340 4161 374 4229 ἐξ
397 4163 486 4213 αὐτοῦ
511 4159 656 4228 ἐγέννησε
675 4159 793 4226 Πύρρον
818 4157 870 4210 τδν
895 4159 1019 4224 ὓστερον
1038 4153 1253 4218 Νεοπτόλεμον
1271 4152 1426 4220 κληθέντα,

255 4253 335 4318 ὅστις
350 4259 411 4317 τοῖς
428 4249 552 4318 Ἕλλησι
570 4248 642 4315 νέος
652 4250 697 4300 ὢν
715 4247 985 4315 συνεστρατεύσατο
1001 4243 1076 4310 μετὰ
1088 4241 1219 4295 θάνατον
1232 4250 1283 4294 τοῦ
1295 4241 1425 4308 πατρὸς.

255 4342 271 4410 ἡ
290 4341 403 4408 ίστορία
421 4337 503 4406 παρὰ
522 4345 584 4404 τοῖς
600 4338 752 4402 κυκλικοῑς.
