3292 5034
673 487 892 550 ..61-

198 680 430 745 Diomedem
461 686 493 746 et
526 679 688 745 Ulixem
721 682 818 746 simili
850 682 973 748 ratione
1007 683 1134 748 iunctos
1158 683 1312 764 proponit
1335 683 1368 746 in

196 788 280 852 libro
304 787 347 859 K,
374 787 543 851 Δολώνεια
573 788 628 872 qui
656 789 853 857 inscribitur.
901 789 1002 865 Quam
1034 791 1239 873 rhapsodiam
1264 791 1368 858 Statio

197 897 400 960 obversatam
419 918 488 961 esse
505 917 688 980 cognosces
710 896 736 960 si
754 919 877 962 mecum
894 898 1094 978 reputaveris
1110 899 1203 966 baec:
1220 899 1369 981 primum,

197 1008 234 1067 ut
257 1006 341 1085 apud
366 1003 542 1068 Homerum
570 1004 737 1068 Diomedes
768 1004 858 1085 prior
888 1005 1028 1069 laborem
1054 1005 1162 1070 subire
1186 1005 1312 1086 audet¹)
1336 1012 1369 1072 et

197 1111 325 1178 Ulixem
357 1110 419 1175 sibi
450 1111 581 1196 adiungi
613 1113 682 1176 vult
712 1112 854 1177 sodalem
867 1111 901 1194 2),
934 1112 981 1176 ita
1004 1118 1115 1178 nostro
1139 1113 1247 1195 10008)
1281 1114 1370 1197 prior

197 1218 304 1300 coepit
336 1228 368 1282 et
401 1218 528 1284 Ulixem
561 1219 745 1283 haerentem
778 1220 915 1283 blandus
948 1243 1056 1284 secum
1080 1221 1191 1286 trabit.
1236 1221 1369 1303 Deinde,

197 1328 283 1409 quod
305 1325 419 1390 Ulixes
449 1331 482 1390 et
512 1326 683 1390 Diomedes
709 1325 843 1410 Scyrum
876 1327 1003 1408 appulsi
1037 1328 1223 1412 priusquam
1257 1331 1368 1393 urbem

197 1439 322 1515 petunt,
342 1433 476 1497 amicam
495 1439 689 1498 venerantur
705 1433 892 1513 Minervam,
908 1439 977 1498 tum
993 1457 1068 1500 vero
1083 1435 1175 1500 taciti
1190 1439 1370 1517 procedunt

195 1544 310 1625 pemim
341 1564 393 1606 ceu
421 1541 544 1624 foedere
574 1543 674 1605 iuncti
704 1541 835 1606 hiberno
859 1541 915 1605 ειιά
937 1550 1023 1607 nocte
1046 1543 1166 1626 λιιμὶ4),
1196 1544 1257 1608 hoc
1290 1545 1369 1608 bene

198 1648 349 1734 congruit
372 1671 443 1713 cum
468 1648 682 1730 descriptione
704 1647 848 1713 Homeri.
884 1649 980 1731 Apud
1003 1649 1089 1714 hunc
1114 1650 1197 1713 enim
1222 1650 1370 1715 similiter

197 1757 311 1821 heroes
326 1759 417 1821 deam
434 1756 584 1820 invocant
608 1753 620 1835 )
644 1760 677 1820 et
700 1755 771 1817 ἐπεὶ
794 1757 964 1842 ἠρήσαντο
988 1755 1063 1836 Διὸς
1084 1757 1190 1839 κούρῃ
1204 1756 1370 1841 μεγάλοιο

197 1863 262 1944 βάν
284 1863 381 1943 ρίμεν
404 1865 452 1943 ὥς
475 1882 512 1924 τε
531 1859 660 1924 λέοντε
676 1861 745 1924 δύω
770 1861 826 1924 διά
849 1862 953 1924 νύκτα
973 1863 1181 1947 μέλαινανά)
1214 1865 1369 1944 Tertium,

198 1972 229 2035 id
253 1973 338 2055 quod
362 1971 586 2057 gravissimum
610 1975 699 2052 pute,
723 1968 846 2035 Statius
863 1970 996 2035 Homeri
1020 1971 1166 2053 exemplo
1191 1978 1369 2064 cemmotus

198 2079 322 2143 videtur
354 2099 430 2157 esse,
461 2081 498 2142 ut
521 2077 628 2141 dolum
653 2078 799 2162 fingeret,
823 2099 886 2161 quo
910 2077 1108 2160 Lycomedes
1131 2078 1171 2141 ab
1195 2077 1290 2143 Ulixe
1314 2080 1369 2142 de-

198 2185 317 2267 cipitur
341 2208 419 2249 vere.
445 2188 507 2250 734
532 2206 618 2268 seqq.
659 2183 754 2248 Dicit
778 2184 862 2248 enim
887 2182 1016 2250 Ulixes:

862 2293 943 2354 ιἰιιιιε

411 2400 572 2483 explorare
594 2398 700 2463 oddus
724 2400 886 2483 invisaque
909 2398 1002 2462 litora
1030 2398 1143 2462 Troiae

413 2506 523 2591 quidve
539 2513 664 2589 porcat,

197 2614 281 2677 idem
298 2612 452 2677 mentitus
468 2613 553 2696 quod
570 2612 653 2694 apud
667 2611 843 2678 Homerum
862 2635 970 2676 verum
987 2613 1015 2676 ei
1028 2612 1183 2676 tribuitur
1196 2635 1369 2678 munus.-

198 2720 345 2804 Denique
369 2742 447 2784 vers.
472 2721 536 2784 815
561 2741 647 2804 seqq.
680 2727 778 2784 cetero
802 2719 948 2802 depositis
971 2719 1154 2804 Lycomedis
1175 2722 1262 2804 repio
1285 2724 1369 2785 euris

198 2827 451 2913 tranquillaret
470 2849 549 2910 paee
572 2827 647 2906 silet,
675 2827 729 2891 sed
752 2827 844 2911 lonpu
867 2829 974 2911 capuci
997 2849 1060 2891 nox
1082 2827 1190 2890 Ithaco
1213 2829 1369 2913 laceroque

199 2938 282 3020 cupit
315 2957 515 3020 somnumque
547 2942 709 3019 procetur,
744 2935 905 3018 quandam
938 2933 1179 2998 similitudinem
1213 2936 1370 3015 praebent

199 3066 268 3107 cum
302 3042 395 3107 initio
419 3042 495 3105 libri
519 3039 558 3102 K
578 3041 654 3106 hoc:
702 3038 816 3103 Ἄλλοι
846 3040 911 3117 μὲν
943 3041 1034 3122 παρά
1066 3044 1182 3127 νηυσὶν
1214 3042 1371 3128 ἀριστῆες

275 3326 292 3392 ¹)
310 3327 342 3380 K
357 3329 409 3383 219
429 3346 505 3397 seqq.

274 3414 291 3481 ⁹)
310 3417 342 3469 K
349 3417 401 3471 242
410 3435 500 3487 seqq:
520 3418 546 3468 el
556 3416 613 3482 μὲν
626 3413 662 3485 δή
679 3416 787 3484 ἕταρόν
799 3433 838 3485 γε
849 3416 988 3469 κελεύετέ
997 3414 1118 3483 μάάτάν
1131 3417 1242 3480 ἑλέάαι,
1254 3423 1322 3484 πῶς
1333 3418 1371 3469 άν

199 3503 287 3561 ἔπειτ’
311 3504 458 3575 Ὀδυσῆος
481 3506 543 3575 ἐγὼ
569 3507 662 3558 deloco
685 3507 840 3574 λαδολμήν,
865 3507 900 3560 οὗ
918 3507 988 3575 περὶ
1012 3507 1069 3574 μὲν
1095 3507 1243 3576 πρόφρων
1268 3503 1370 3574 κραδίη

198 3597 246 3649 καὶ
264 3596 358 3663 θυμὸς
375 3596 497 3664 ἀγήνωρ
515 3596 549 3647 ἐν
567 3596 710 3648 πάντεσσι
728 3595 855 3660 πάνοισι,
875 3637 942 3648 ....
966 3597 1069 3649 τούτου
1087 3614 1124 3666 γε
1143 3595 1305 3662 σπομένοιο
1323 3596 1371 3646 ναὶ

198 3687 232 3738 ἐν
259 3686 356 3755 πυράς
386 3685 555 3751 αἰθομένοιο
586 3686 675 3752 άμφω
705 3685 916 3752 νοστήσαιμεν,
946 3686 1013 3736 ἐπεὶ
1041 3683 1174 3753 περίοιδε
1201 3693 1312 3752 νοῆσαι,
1336 3717 1370 3723 -

199 3777 234 3830 cf.
254 3776 347 3831 Ovid.
367 3775 482 3830 Metam.
503 3777 569 3829 Xlll
589 3777 641 3830 239
661 3793 746 3843 seqq,
768 3777 815 3830 ubi
835 3776 931 3829 Ulixes
951 3775 1036 3830 dicit:

339 3892 341 3896 ’
448 3886 485 3936 At
503 3900 554 3936 cuc
577 3885 692 3950 Tydides
710 3900 812 3935 mecum
831 3885 1011 3936 communicat
1030 3891 1098 3949 acta,

449 3975 494 4025 Me
508 3974 610 4040 probat
629 3974 742 4025 eteocle
761 3990 866 4039 semper
884 3974 993 4038 confidit
1018 3973 1102 4025 Ulixe.

274 4075 290 4142 ³1
311 4079 378 4134 Ach.
399 4079 483 4133 1538
503 4095 579 4147 seqq.

273 4164 291 4230 ⁴)
312 4170 324 4221 I
346 4169 397 4223 704
416 4185 472 4237 seq.

274 4253 292 4321 ⁵)
311 4256 344 4308 K
359 4258 510 4311 277-295.

273 4342 291 4410 ⁶)
311 4348 344 4400 cf.
364 4346 432 4401 489:
462 4345 503 4398 τὼ
523 4342 558 4397 δὲ
573 4344 666 4413 βάτην
684 4345 823 4413 προτέρω
842 4363 867 4397 ιι.
888 4363 910 4397 τ.
929 4346 966 4397 λ..
