3292 5034
707 460 925 534 ,235-e

232 655 351 731 bestias
381 679 513 748 rapaces
544 664 703 729 cubilibus
734 665 874 730 excitare
899 665 991 730 iussit
1015 688 1103 746 eum,
1133 673 1240 745 ursas,
1264 684 1359 747 apros
1372 653 1396 748 ¹)

232 775 341 859 tigres,
365 775 493 838 leaenas
516 775 607 852 fetas,
632 773 720 856 quali
741 797 759 836 a
776 773 945 837 venatione
962 796 1033 837 cum
1052 772 1202 837 Patroclo
1219 774 1403 837 redeuntem

230 881 338 966 pingit
361 885 457 962 poeta
481 880 642 945 Achillem
667 904 685 944 a
709 885 811 945 matre
835 885 1055 962 exspectatum
1080 879 1096 945 Ι
1123 882 1182 944 159
1205 902 1301 964 seqq,
1325 903 1405 964 quos

231 1011 340 1052 versus
371 988 517 1052 conferas
548 988 574 1052 si
603 988 717 1068 placet.
764 987 882 1052 Chiron
907 987 974 1069 ipse
998 987 1084 1051 domi
1108 988 1259 1073 manebat
1269 986 1306 1069 2),
1330 988 1403 1051 dum

232 1096 375 1160 Achilles
399 1095 529 1160 venatui
553 1095 710 1180 indulget,
742 1118 844 1179 neque
868 1095 958 1176 prius
982 1116 1053 1158 eum
1078 1095 1196 1159 osculis
1220 1094 1404 1177 recipiebat,

230 1225 326 1286 quarn
351 1203 416 1266 tela
440 1202 580 1284 inspexit
604 1225 715 1267 cruore
740 1203 910 1285 aspersa.³)

298 1311 430 1375 Praeter
463 1309 728 1374 venationem
764 1310 870 1375 varias
904 1310 1048 1375 discebat
1082 1309 1225 1374 Achilles
1260 1309 1403 1390 corporis

230 1417 476 1482 exercitationes
508 1417 702 1497 aChirone‚
736 1440 815 1500 quas
847 1439 863 1481 e
888 1440 946 1482 suo
977 1440 1112 1483 novasse
1143 1417 1268 1482 videtur
1299 1423 1403 1499 poeta,

229 1524 318 1587 velut
341 1523 536 1605 Spercheum
568 1530 697 1588 tranare
728 1524 886 1588 imbribus
919 1526 1074 1589 tumidum
1103 1529 1134 1588 et
1158 1524 1403 1605 rapidissimum,

229 1631 378 1715 ingentes
394 1631 496 1695 fossas
513 1631 683 1711 transilire,
708 1631 784 1715 iuga
801 1631 959 1695 montium
976 1631 1070 1695 facile
1087 1631 1275 1709 ascendere3
1300 1654 1403 1715 neque

230 1737 308 1801 artis
340 1737 479 1801 bellandi
503 1739 553 1802 vel
581 1737 748 1822 pugnandi
782 1738 915 1823 ignarus
942 1739 1108 1817 manebat,
1141 1739 1195 1802 sed
1220 1737 1322 1819 clipeo
1346 1739 1403 1817 uti,

229 1868 317 1908 arma
341 1867 452 1930 gerere
476 1849 509 1909 et
532 1844 677 1908 finitimis
694 1850 726 1909 et
743 1845 930 1930 longinquis
946 1845 1099 1930 gentibus
1115 1845 1236 1909 usitata
1250 1845 1402 1926 discebat,

229 1974 286 2033 per
308 1953 455 2017 ardentes
472 1975 561 2016 casas
577 1954 699 2031 vadere,
724 1953 934 2038 quadriiugos
950 1975 1044 2017 cursu
1061 1953 1207 2016 volantes
1223 1952 1291 2033 ipse
1306 1955 1402 2034 pedes

230 2059 383 2141 siste1·e.⁴)
423 2060 505 2150 *Quo
538 2082 597 2123 usu
628 2059 790 2124 cotidiano
822 2061 967 2125 Achilles
997 2059 1200 2124 adolescebat
1231 2058 1263 2122 in
1295 2065 1403 2123 tantas

229 2166 372 2246 corporis
396 2166 489 2246 vires,
520 2171 556 2230 ut
579 2166 740 2230 Centauro
771 2167 950 2232 senescenti
975 2165 1121 2248 superior
1145 2188 1213 2229 esse
1238 2165 1401 2247 inciperet.

229 2272 312 2336 Nam
337 2273 392 2356 qui
417 2273 624 2354 prius'aerba
648 2273 797 2358 magistri
820 2274 984 2339 hortantis
1007 2279 1040 2338 et
1063 2271 1244 2336 minitantis
1266 2272 1402 2337 audierit

228 2402 330 2463 neque
361 2381 491 2464 longius
521 2404 615 2464 quam
648 2380 754 2445 iussus
779 2383 819 2445 ab
848 2386 942 2445 antro
967 2385 1122 2465 evagatus
1145 2380 1204 2459 sit,
1235 2401 1306 2444 eum
1338 2381 1401 2444 iam

228 2509 330 2570 neque
355 2486 468 2551 Ossam
492 2493 600 2551 tenore
628 2509 731 2571 neque
756 2487 868 2572 Pelion
893 2509 997 2572 neque
1021 2488 1207 2552 Pharsaliae
1229 2489 1322 2570 aives,
1346 2488 1400 2552 sed

229 2594 404 2658 Centauros
438 2595 593 2658 finitimos
629 2617 817 2679 aggressum
854 2595 973 2659 bellum
1008 2595 1147 2659 conflare
1180 2593 1300 2658 Chiron
1333 2595 1401 2676 ipse

228 2701 435 2784 conqueritur
459 2723 565 2765 coram
590 2702 766 2783 Thesides)

294 2808 355 2873 Sed
379 2831 442 2872 non
467 2808 571 2872 solum
599 2814 684 2873 artes
708 2809 840 2874 bellicas
871 2813 903 2873 et
927 2810 965 2873 ad
991 2831 1107 2890 corpus
1130 2832 1212 2892 quae
1236 2809 1400 2890 pertinent

227 2917 403 2980 durandum
422 2915 541 2980 Chiron
561 2916 720 2980 Achillem
746 2917 890 2995 docebat,
914 2916 1089 2981 sedetiam
1114 2916 1197 2980 ludis
1221 2922 1253 2993 et
1277 2917 1415 3005 artibus

226 3023 376 3107 ingenuis
400 3045 481 3106 quae
505 3028 661 3087 vocantur
691 3028 830 3088 mentem
855 3022 976 3086 alumni
1001 3022 1118 3087 imbuit
1142 3046 1307 3106 moresque
1332 3024 1400 3088 eius

226 3129 388 3194 formavit.
426 3129 474 3192 Ac
498 3129 636 3210 primum
661 3130 788 3213 quidem
813 3134 915 3194 artem
939 3129 1134 3194 musicam
1159 3153 1230 3194 eum
1251 3130 1399 3212 docuitl),

226 3343 380 3398 Horatiani
402 3342 535 3398 carminis
561 3343 693 3397 meminit
717 3344 893 3411 (praesertim
918 3361 981 3398 cum
1007 3344 1132 3398 eiusdem
1152 3345 1285 3398 carminis
1305 3362 1400 3399 versus

229 3433 316 3487 3-20
336 3434 371 3487 ad
393 3433 530 3487 Achillem
550 3435 696 3502 spectent),
716 3420 782 3487 dum
801 3435 964 3488 dammas
983 3437 1013 3488 et
1031 3434 1160 3501 lyncas
1179 3433 1277 3488 nectit.

301 3520 317 3586 ι)
337 3525 363 3576 ll
386 3523 450 3576 124:
468 3524 715 3590 fulmineosque
733 3541 809 3589 suaa,
833 3523 867 3576 cf.
888 3522 967 3578 Ovid.
987 3523 1103 3578 Metam.
1122 3521 1148 3575 X
1166 3523 1233 3576 550:
1259 3524 1398 3588 falarica

226 3613 323 3664 babeat
342 3630 419 3664 acres
446 3615 476 3664 ia
495 3614 611 3664 aduncis
630 3613 753 3664 dantibus
772 3615 846 3679 apri,
872 3610 993 3666 Phaedri
1012 3612 1068 3667 fab.
1088 3613 1099 3665 l
1120 3612 1163 3676 21,
1183 3613 1212 3665 5:
1239 3630 1307 3680 aper
1323 3615 1398 3679 fal-

226 3705 357 3754 minea's
383 3704 420 3754 ad
438 3719 497 3754 eam
515 3705 587 3755 uenit
606 3704 737 3754 dentibus.
947 3694 949 3697 ¹

302 3786 320 3854 ⁸)
340 3792 375 3845 cl'.
395 3792 406 3843 1
428 3791 479 3844 119
499 3809 575 3859 seqq.

300 3875 317 3943 ³)
336 3881 363 3933 ΙΙ
393 3880 541 3934 126-128.
588 3881 622 3935 of.
652 3880 739 3935 etiam
771 3881 927 3935 Pindari
958 3881 1038 3935 Nem.
1068 3881 1108 3934 Ill
1134 3882 1168 3933 46
1196 3898 1289 3948 seqq:
1318 3879 1397 3948 μάχᾳ

224 3967 456 4020 λεόντεσσιν
475 3969 650 4037 ἀγροτέροις
661 3970 814 4037 ἔπρασσεν
827 3969 923 4037 φόνον
941 3970 1119 4037 κάπρους
1130 3964 1262 4037 τ’ἒναιρε,
1275 3969 1397 4035 σώματα

225 4054 259 4109 ὁέ
277 4056 361 4126 παρὰ
379 4055 531 4125 Κρονίδαν
549 4057 723 4126 Κένταυρον
743 4059 943 4124 ἀσθμαίνοντα
962 4059 1087 4127 κόμιζεν.

298 4144 317 4211 ⁴)
337 4147 372 4201 cf.
392 4148 460 4202 Ach.
481 4149 507 4201 ll
530 4148 579 4202 129
599 4166 675 4216 seqq.

299 4233 318 4299 ⁶)
337 4237 372 4290 cf.
393 4237 459 4291 Ach.
484 4238 495 4289 Ι
517 4239 665 4292 lla-155.

299 4321 317 4388 ⁶)
331 4326 492 4391 [184-194,
502 4326 560 4392 118,
572 4328 597 4379 ll
609 4327 658 4381 156
665 4345 721 4395 seq.
728 4347 734 4391 ;
750 4328 802 4381 ear
811 4328 877 4381 240:
886 4336 1021 4395 quaerant
1025 4330 1151 4394 puerilia
1161 4330 1287 4380 earmina
1294 4329 1395 4380 Fauni.

1204 4433 1235 4485 3*
