3292 5034
721 454 938 517 ..20ss

243 640 389 726 alterum,
413 648 544 729 puteal
569 647 619 712 cui
640 669 754 712 nomen
772 650 821 711 est
838 647 1115 729 Capitolinum,
1139 645 1238 710 aetati
1252 645 1415 709 Romanae

172 795 174 802 ,
243 754 387 818 inferiori
412 778 430 818 a
455 754 744 836 Baumeister1)
763 793 812 832 —,
836 760 942 818 tamen
968 754 1106 818 artifices
1122 753 1271 817 notitiam
1287 752 1415 815 fabulae

243 862 386 926 hausisse
411 883 427 924 e
450 862 633 946 fragmento
666 860 813 926 Statiano
848 883 887 924 ne
920 882 1083 924 sumamus
1115 861 1239 935 obstat,
1273 860 1356 942 quod
1382 857 1413 920 in

243 973 380 1052 utroque
418 973 625 1032 monumento
664 972 793 1049 praeter
830 973 975 1032 nostram
1014 967 1142 1032 fabulae
1181 967 1220 1029 ad
1255 965 1413 1038 Achillem

243 1074 441 1156 pertinentes
474 1075 652 1156 descriptae
683 1080 774 1154 sunt,
805 1097 887 1158 quae
919 1074 1002 1155 apud
1027 1072 1167 1138 Statium
1195 1073 1326 1136 omnino
1350 1074 1413 1134 non

243 1181 404 1266 leguntur,
428 1186 460 1245 et
476 1180 529 1244 vix
554 1181 638 1245 credi
662 1185 770 1263 potest
787 1181 927 1245 artifices
943 1180 1070 1244 fabulas
1087 1180 1232 1265 singulas
1248 1203 1264 1244 e
1281 1178 1415 1243 diversis

242 1288 388 1352 fontibus
412 1288 531 1369 petitas
555 1288 781 1370 composuisse,
805 1288 903 1352 immo
927 1288 1029 1352 multo
1052 1287 1257 1352 verisimilius
1280 1290 1329 1350 est
1352 1308 1415 1362 eos,

243 1394 304 1460 nisi
319 1395 465 1476 exempla
477 1394 591 1458 similis
603 1395 731 1479 generis
744 1395 805 1459 sibi
818 1399 1057 1476 proposuerunt
1068 1394 1232 1474 imitanda,
1248 1392 1413 1457 materiam

243 1502 421 1566 fabularem
446 1501 619 1590 sumpsisse
643 1525 659 1565 e
676 1502 796 1567 talibus
813 1501 968 1581 fontibus,
992 1501 1024 1565 in
1040 1501 1157 1585 quibus
1172 1501 1310 1579 fabulae,
1334 1500 1415 1583 quae

243 1609 283 1672 ad
313 1607 458 1693 singulas
488 1613 601 1694 gentes
625 1614 657 1673 et
682 1609 795 1674 heroas
826 1611 1031 1690 spectabant,
1059 1631 1169 1672 ornnes
1192 1612 1280 1672 certo
1304 1607 1415 1672 ordine

243 1715 440 1798 compositae
454 1715 654 1799 legebantur,
668 1715 758 1779 cuius
774 1716 902 1800 generis
913 1716 1045 1780 fuerunt
1059 1713 1176 1777 κύκλοι
1192 1715 1247 1798 qui
1260 1718 1415 1777 vocantur

243 1824 419 1903 ἱστορικοί,
450 1822 576 1908 qualem
602 1809 779 1906 Dionysi
810 1821 1188 1906 Scytobrachionis
1217 1821 1336 1884 librum
1358 1821 1415 1883 de·

243 1928 355 1993 scribit
389 1915 636 2009 Diodo‘russs)
673 1929 841 2012 qualisque
876 1929 1072 2013 imaginihus
1107 1929 1288 1993 illustratus
1324 1927 1415 1990 nobis

243 2039 388 2099 servatus
413 2040 461 2098 est
485 2034 630 2099 tabula
655 2041 893 2118 quaevocatur
918 2035 1058 2099 lliaca.

311 2140 564 2224 Qualescumque
588 2141 689 2225 igitur
713 2132 873 2206 artificum
896 2142 1002 2206 fontes
1027 2146 1176 2223 putamus
1200 2141 1298 2205 fuisse
1325 2181 1355 2188 -
1384 2146 1416 2204 et

245 2269 307 2311 non
334 2247 460 2311 eosdem
476 2247 575 2312 fuisse
592 2248 655 2312 iam
672 2247 745 2312 inde
762 2249 911 2327 efficitur,
926 2251 1009 2332 quod
1027 2255 1060 2312 et
1075 2249 1107 2312 in
1125 2248 1244 2312 fabulis
1259 2248 1416 2328 eligendis
1476 2306 1480 2314 .

187 2411 191 2419 .
243 2358 275 2417 et
291 2353 506 2437 exprimendis
522 2354 607 2418 inter
622 2378 654 2419 se
671 2355 838 2420 discedunt
854 2355 1002 2434 artifices
1017 2356 1105 2420 velut
1122 2355 1216 2439 Styx
1241 2355 1273 2418 in
1297 2358 1415 2418 tensa

243 2459 444 2544 significatur
468 2462 661 2545 nympha,
685 2462 718 2525 in
742 2463 905 2544 puteali
929 2463 1069 2541 Amne,
1093 2463 1157 2526 alia
1174 2501 1214 2508 —
1240 2464 1299 2526 hoc
1321 2465 1420 2526 nenro'

244 2566 376 2650 negabit
400 2588 454 2631 eos
477 2567 596 2632 similes
612 2568 711 2632 fuisse
728 2573 760 2632 et
776 2569 914 2635 eiusdem
932 2571 999 2634 fere
1015 2569 1151 2654 generis,
1175 2570 1258 2633 unde
1274 2568 1412 2633 Statium

244 2677 276 2736 et
306 2672 480 2755 scriptores
510 2663 672 2739 fabulares
705 2676 848 2740 hausisse
879 2699 976 2757 supra
1000 2677 1172 2740 verisimile
1203 2699 1270 2740 esse
1294 2697 1415 2760 cogno-

245 2779 356 2844 vimus.
396 2778 512 2845 Omnia
535 2781 637 2866 igitur
661 2805 742 2866 quae
766 2783 859 2847 nohis
883 2788 1011 2847 servata
1035 2788 1110 2847 sunt
1133 2783 1262 2847 fabulae
1277 2783 1415 2867 vestigia

244 2887 402 2967 persecuti
426 2911 485 2969 pro
510 2887 588 2952 satis
612 2896 699 2953 certo
724 2889 829 2954 dicere
852 2913 1021 2971 possumus
1041 2912 1108 2953 eam
1127 2889 1283 2974 originem
1301 2890 1415 2953 ducere

245 2993 374 3058 efonte
398 2994 528 3060 Graeco.
576 2995 653 3071 Quis
678 3001 785 3064 tamen
810 3002 977 3078 poetarum
1006 3020 1074 3062 eam
1098 2997 1265 3061 novaverit
1288 3018 1414 3080 quoque

244 3105 388 3181 tempore
412 3101 465 3164 vix
488 3101 611 3183 poterit
642 3103 757 3181 statui,
786 3108 872 3168 certe
895 3109 971 3184 post
1002 3104 1233 3183 Homerum,
1263 3126 1338 3168 uam
1363 3103 1414 3167 hic
1493 3113 1496 3116 ’

245 3206 404 3290 Achillem
437 3207 701 3273 invulnerabilem
734 3209 833 3274 fuisse
861 3233 1018 3294 nusquam
1042 3216 1199 3275 memorat
1221 3233 1324 3294 neque
1348 3211 1414 3275 ullo

247 3314 341 3378 verbo
373 3314 501 3395 alludit,
533 3339 726 3400 quamquam
759 3317 826 3381 eius
857 3319 984 3380 caedem
1009 3317 1057 3381 bis
1081 3317 1241 3402 tangit³);
1275 3319 1329 3380 sed
1354 3318 1414 3381 hoc
1442 3319 1444 3323 ’

244 3443 303 3484 nos
334 3443 399 3484 non
430 3421 582 3503 prohibet
613 3445 737 3488 sumere
767 3425 909 3488 fabulam
942 3424 1005 3487 ianr
1035 3429 1101 3489 turn
1127 3430 1236 3488 notam
1261 3425 1359 3488 fuisse
1383 3433 1415 3487 et

168 3553 170 3557 ·
244 3539 299 3592 ore
329 3527 497 3608 traditam,
528 3535 641 3594 contra
672 3531 767 3594 talem
802 3554 865 3595 non
900 3531 1004 3595 solum
1029 3531 1212 3612 GraeciS,
1245 3533 1299 3595 sed
1323 3531 1415 3595 indo-

321 3755 338 3821 ¹l
360 3747 475 3814 Denlrm.
497 3748 550 3815 rol.
570 3763 582 3814 l
601 3777 665 3832 pag.
686 3765 716 3826 4;
737 3763 771 3816 cf.
793 3762 859 3827 Birt,
879 3764 897 3816 l.
915 3765 934 3817 l.
954 3782 1017 3832 pag.
1037 3765 1089 3818 314
1109 3783 1166 3833 seq.

319 3843 336 3910 ¹)
356 3849 456 3902 11166:
477 3848 616 3916 Διονυσίῳ
631 3857 671 3918 τῷ
685 3851 893 3918 συνταξαμένῳ
908 3852 960 3918 τὰς
971 3853 1104 3918 παλαιὰς
1116 3855 1308 3918 μυθοποιίας·
1329 3852 1416 3917 οὗτος

244 3933 303 4003 γὰρ
322 3935 356 3986 τά
370 3953 402 3988 τε
413 3937 483 4004 περὶ
495 3937 546 3990 τὸν
557 3939 696 3992 Διόνυσον
709 3942 756 3992 ναὶ
770 3941 822 4007 τὰς
837 3934 1013 4008 Ἀμαζόνας,
1026 3943 1066 3994 ἔτι
1081 3939 1116 3994 δὲ
1129 3944 1198 4008 τοὺς
1212 3939 1416 4010 Ἀργοναύτας

245 4025 292 4075 ναὶ
311 4024 345 4076 τὰ
363 4025 437 4077 κατὰ
457 4026 507 4078 τὸν
522 4023 654 4080 Ἰλιακὸν
679 4030 813 4096 πόλεμον
838 4031 1009 4099 πραχθέντα
1035 4033 1081 4083 κατ’
1103 4032 1183 4084 πόλλ
1199 4030 1294 4098 ’ἕτερα
1315 4031 1413 4081 συντέ-

244 4129 352 4178 τακται,
377 4116 551 4181 παρατιθεὶς
575 4117 609 4168 τὰ
634 4119 779 4186 ποιήματα
807 4126 866 4170 τῶν
891 4121 1021 4189 ἀρχαίων
1043 4127 1102 4172 τῶν
1122 4138 1153 4172 τε
1169 4120 1349 4188 μυθολόγων
1368 4119 1414 4171 κατ’

245 4207 305 4253 τῶν
323 4209 461 4270 ποιητῶν.

319 4289 336 4357 ⁸)
357 4292 388 4344 X
406 4295 456 4347 359
477 4295 609 4364 seqq.,'Q)
627 4297 678 4352 277
698 4315 774 4366 seqq.
867 4290 869 4293 ¹
