3292 5034
682 493 899 556 ..63..

205 692 292 756 mino
326 692 408 772 apud
443 696 614 774 utrumque
647 689 768 771 petito:
805 689 962 754 Anchises
995 688 1078 753 enirn
1102 687 1262 753 Cretam
1294 688 1377 771 petit

206 800 286 865 Delo
310 798 483 880 profectus,
507 797 618 863 Ulixes
642 803 674 862 et
697 797 869 862 Diomedes
899 797 1066 880 Scyrum
1094 795 1208 861 Aulide
1232 796 1375 879 profecti.

274 906 361 982 Quae
383 905 496 970 deinde
512 910 608 988 poeta
624 909 736 969 narrat
753 907 790 969 de
806 905 925 988 legatis
941 928 960 968 a
975 926 1051 990 rege
1067 903 1209 985 hospitio
1226 905 1377 985 exceptis,

206 1016 243 1079 de
267 1036 345 1078 cena
369 1014 442 1077 inde
465 1018 588 1095 parata,
621 1015 660 1077 de
684 1011 830 1077 convivio
855 1034 951 1076 cenae
975 1011 1136 1090 adiuncto,
1167 1011 1377 1076 haecomnia

206 1144 222 1184 e
249 1121 358 1186 vitae
382 1120 606 1185 communis
630 1120 755 1184 ratione
778 1123 908 1201 sumpta
931 1119 964 1182 in
989 1141 1080 1183 usum
1106 1141 1197 1184 suum
1218 1121 1378 1186 convertit

206 1231 244 1293 ad
277 1233 387 1310 partes
419 1229 548 1293 fabulae
581 1228 717 1292 traditas
750 1228 831 1291 bene
864 1226 950 1291 inter
982 1249 1015 1291 se
1048 1227 1227 1312 iungendas
1258 1232 1290 1292 et
1323 1252 1377 1294 ex·

206 1336 406 1418 ornandas.¹)
453 1335 555 1400 Simili
589 1335 714 1398 ratione
748 1333 830 1398 idem
865 1356 946 1417 quae
971 1335 1011 1397 ad
1034 1333 1142 1398 dolum
1166 1333 1274 1398 Ulixis
1297 1337 1377 1424 bene

206 1443 438 1508 instituendum
462 1442 626 1524 pertinent
650 1465 707 1506 suo
732 1440 863 1526 ingenio
881 1441 1012 1505 novavit
1027 1440 1164 1522 poetico,
1187 1442 1276 1506 velut
1292 1444 1376 1526 quod

206 1553 289 1615 dona
319 1551 457 1614 feminea
486 1550 520 1612 in
552 1549 667 1614 itinere
686 1530 847 1630 ¹coempta
871 1571 954 1628 esse,
984 1547 1113 1613 Ulixem
1137 1572 1227 1613 suam
1251 1550 1377 1615 hastam

206 1658 298 1722 donis
315 1659 429 1722 addere
442 1657 476 1738 Β),
494 1657 678 1722 Diomedem
696 1656 780 1720 dona
796 1656 963 1735 collocare,
987 1656 1061 1719 dum
1078 1657 1204 1737 puellae
1221 1658 1378 1723 Bacchica

207 1770 308 1850 agunt
339 1765 446 1849 orgia,
476 1764 588 1848 fingit,
619 1763 703 1848 quod
739 1763 950 1847 Lycomedem
985 1762 1090 1827 verbis
1124 1763 1230 1828 Ulixis
1264 1766 1377 1831 adduci

207 1875 325 1952 narrat,
349 1877 385 1937 ut
408 1872 491 1936 filias
515 1871 543 1936 ei
567 1875 708 1935 ostentet
732 1871 896 1949 saltantes
925 1892 988 1953 qua
1019 1893 1052 1935 re
1081 1870 1177 1935 simul
1200 1893 1297 1937 causa
1331 1874 1378 1938 ef·

131 2007 138 2020 ·
205 1978 313 2043 ficitur
343 1981 382 2044 ad
406 1981 489 2044 dona
513 1978 629 2060 puellis
661 1979 822 2043 offerenda
855 1977 997 2058 praemia
1019 1978 1148 2044 laboris.
1195 1978 1247 2044 Sic
1271 1981 1379 2045 omnia

207 2087 312 2151 causis
335 2086 420 2151 inter
444 2107 476 2150 se
500 2107 621 2150 conexa
647 2087 725 2149 bene
748 2085 927 2165 procedunt
951 2088 984 2147 et
1008 2084 1151 2149 Achilles
1174 2085 1281 2151 Ulixis
1304 2088 1378 2152 dolo

207 2194 380 2280 detegitur,
406 2193 439 2257 in
464 2215 559 2276 quarn
584 2215 651 2256 rem
675 2195 776 2256 restat
799 2196 837 2256 ut
860 2190 1040 2254 accuratius
1064 2191 1289 2275 inquiramus

274 2301 381 2384 Atque
393 2300 531 2381 primum
546 2299 671 2383 quidem
687 2300 724 2362 de
740 2298 842 2362 dolis
858 2301 898 2363 ab
912 2298 1006 2364 Ulixe
1019 2298 1173 2363 adhibitis
1185 2299 1379 2368 dissentiunt

207 2408 291 2471 inter
307 2430 341 2471 se
362 2407 516 2472 historiae
533 2405 689 2470 fabularis
705 2405 879 2486 scriptores
895 2410 928 2470 et
943 2411 1065 2488 poetae,
1090 2429 1161 2471 cum
1177 2407 1232 2471 alii
1249 2411 1379 2474 tradant

207 2515 335 2582 Ulixem
367 2537 433 2578 rem
467 2514 521 2600 ita
546 2512 742 2594 instituisse,
775 2519 812 2578 ut
836 2513 1023 2577 mercatoris
1046 2513 1150 2595 specie
1175 2537 1263 2578 arma
1287 2516 1380 2581 donis

207 2621 354 2686 femineis
386 2619 533 2686 immixta
564 2619 681 2701 puellis
714 2619 897 2700 offerrem),
929 2619 999 2696 alii,
1030 2625 1066 2683 ut
1090 2619 1222 2684 classico
1246 2627 1379 2703 repente

208 2730 292 2794 edito
318 2727 475 2791 Achillem
507 2727 546 2790 ad
578 2749 666 2790 arma
699 2726 855 2807 capienda
878 2725 1074 2807 excitaret.⁴)
1124 2725 1214 2791 Unde
1238 2727 1379 2793 efficitur

207 2837 270 2900 duo
294 2835 358 2900 doli
390 2856 508 2919 genera
538 2838 617 2898 nota
649 2832 763 2914 fuisse,
794 2856 876 2917 quae
899 2833 1072 2898 coniuncta
1095 2834 1195 2898 tradit
1217 2835 1379 2921 Hyginus,

207 2965 343 3028 quocum
368 2943 435 3005 fere
451 2941 603 3025 congruit
619 2939 749 3006 Statius.
788 2939 902 3005 Tradit
918 2941 1001 3004 enirn
1020 2940 1169 3026 Hyginus
1184 2942 1218 3023 (l.
1231 2942 1265 3023 l.)
1282 2943 1378 3008 haect

208 3052 275 3115 Bac
307 3034 375 3113 curn
407 3056 531 3133 reparer
563 3049 650 3132 opud
679 3071 710 3112 se
733 3070 794 3113 esse
825 3048 880 3129 (sc.
904 3046 1094 3131 Achillem),
1123 3057 1303 3134 potestatem
1335 3051 1379 3114 eis
1445 3043 1450 3050 ’

208 3155 476 3237 (sacratoribus)
497 3155 580 3236 fecit,
604 3163 638 3218 ut
661 3157 695 3219 in
718 3157 804 3238 rcyio
829 3162 1028 3239 quaererent,·
1051 3157 1105 3240 qai
1126 3178 1195 3220 cum
1209 3158 1380 3241 intellcpere

209 3285 271 3327 non
282 3270 416 3347 possent,
437 3264 595 3347 pulsasset
611 3282 727 3344 earam,
755 3262 925 3346 Ulysses,
938 3264 972 3325 in
989 3264 1072 3347 reyic
1087 3263 1233 3331 restituto
1249 3285 1380 3327 manera

207 3389 420 3398 ————--—

283 3457 301 3522 ¹)
321 3461 353 3513 ln
367 3458 410 3512 his
423 3459 505 3514 rebus
520 3455 710 3514 describendis
724 3456 866 3513 obversati
877 3458 904 3512 ei
912 3457 1043 3512 videntur
1050 3475 1110 3513 esse
1118 3475 1213 3512 versus
1220 3459 1379 3514 Thebaidos

207 3548 270 3604 libr.
290 3549 368 3624 1515Ι
382 3565 466 3616 seqq,
486 3548 535 3602 ubi
554 3548 680 3615 Tydenm
700 3549 729 3602 et
747 3547 910 3609 Polynicem
930 3549 965 3602 ab
984 3547 1105 3602 Adrasto
1124 3551 1252 3616 receptos
1271 3565 1330 3603 esse
1350 3551 1380 3603 et

208 3638 318 3692 filiabus
338 3635 452 3691 Adrasti
476 3636 672 3705 praesentibus
698 3653 784 3691 cenae
812 3639 842 3690 et
860 3635 1083 3691 commissationi
1101 3637 1263 3693 interfuisse
1281 3640 1379 3692 narrat

208 3725 329 3794 vestigia
355 3729 466 3781 secutus
485 3723 648 3791 Vergili,
675 3723 724 3793 qui
742 3724 860 3779 Aeneid.
880 3726 892 3777 I
912 3726 963 3778 697
983 3743 1060 3794 seqq.
1079 3724 1215 3780 Troianos
1234 3745 1251 3781 a
1270 3726 1379 3782 Didone

208 3815 307 3882 regina
326 3814 506 3883 hospitaliter
524 3813 661 3869 invitatos
680 3814 818 3882 depingit.

283 3899 301 3967 ²)
321 3904 380 3958 Hoc
399 3907 431 3958 ut
450 3905 567 3958 novaret
585 3906 669 3971 poeta
688 3904 806 3958 fortasse
827 3922 859 3959 eo
879 3906 1037 3959 commotus
1056 3906 1108 3967 est,
1130 3906 1205 3973 quod
1224 3906 1253 3959 in
1273 3906 1378 3960 tabulis

208 3993 306 4062 pictis,
332 4010 404 4061 quae
430 3994 466 4046 ad
485 3993 623 4047 Achillem
647 3993 792 4060 pertinent
818 3994 975 4056 detectum,
1004 3994 1132 4048 Ulixes
1158 3994 1378 4050 inhastatus

209 4081 388 4150 conspicitur,
407 4081 531 4136 Achilles
550 4082 688 4144 hastatus,
708 4083 744 4135 ad
757 4099 843 4150 quam
856 4100 915 4137 rem
928 4082 1073 4136 insolitam
1087 4083 1281 4152 explicandam
1294 4087 1380 4152 poeta

209 4171 291 4241 fingit
310 4172 420 4226 Ulixem
440 4189 519 4225 snam
538 4171 648 4225 hastam
669 4172 705 4224 ad
724 4171 818 4225 dolum
840 4170 1016 4243 efficiendum
1037 4171 1117 4227 donis
1137 4171 1285 4226 addidisse.

284 4256 302 4323 ⁸)
321 4260 355 4314 cf.
375 4259 468 4315 Ovid.
489 4261 604 4316 Metam.
624 4261 691 4315 Xlll
713 4261 763 4314 165
783 4278 869 4330 seqq,
888 4261 973 4316 schol.
996 4260 1021 4312 Τ
1036 4261 1096 4316 326.

283 4346 301 4411 ⁴)
321 4350 355 4402 cf.
376 4349 494 4416 Apoll.
513 4349 580 4405 bibl.
601 4351 641 4402 ΙΙΙ
663 4350 725 4403 174:
745 4349 889 4418 σάλπιγγι
906 4349 1091 4418 χρησάμενος
1108 4349 1185 4417 εὗρε.
