3292 5034
701 479 892 544 ..7-

210 674 244 754 3)
274 673 495 757 Ovidius¹),
530 674 584 758 qui
621 675 757 738 fortasse
793 695 863 738 cum
896 676 991 754 poeta
1014 693 1114 755 ‚quern
1151 670 1296 734 imitatus
1331 675 1380 734 est

210 782 427 847 Alexandrino
452 780 662 846 Themidis
686 786 718 845 et
741 779 936 846 Chironis
963 779 1047 860 apud
1072 777 1245 843 Pindarum
1270 782 1379 858 partes

213 889 361 954 Proteo
398 887 522 954 tribuit.
579 886 712 972 Accedit
747 887 781 963 41
816 885 1117 968 Apollodorus,
1151 884 1207 968 qui
1241 884 1379 949 fortasse

210 1000 382 1077 praeeunte
407 994 676 1078 Pherecydei)
701 999 803 1058 totam
830 993 972 1058 fabulam
998 997 1109 1056 narrat
1132 991 1179 1056 ita
1202 995 1319 1069 tamen,
1342 995 1380 1055 ut

211 1106 369 1186 quatenus
402 1101 456 1166 alii
490 1102 655 1166 discedant
688 1100 849 1178 inserat.³)
896 1101 983 1176 Quos
1006 1121 1116 1164 omnes
1139 1121 1177 1162 ex
1201 1120 1265 1162 uno
1288 1098 1380 1162 tonte

209 1208 352 1290 hausisse
377 1208 551 1272 vetustiore
568 1207 739 1272 verisimile
763 1213 812 1272 est
836 1212 868 1272 et
885 1206 964 1270 mihi
980 1205 1108 1289 quidem
1132 1203 1379 1285 Gruppius⁴)

210 1337 336 1379 carmen
361 1314 610 1380 Hesiodeum
635 1319 720 1379 recte
744 1313 900 1379 iudicasse
918 1313 1043 1378 videtur
1065 1313 1189 1376 fontem
1208 1333 1275 1375 esse
1292 1331 1379 1375 com-

210 1443 346 1501 munem,
371 1421 461 1486 cuius
484 1421 634 1486 carminis
658 1423 843 1506 fragmenta
867 1421 984 1485 iterum
1009 1417 1189 1500 composuit
1212 1417 1321 1481 llzach
1345 1417 1377 1480 in

212 1526 351 1592 editione
375 1529 599 1593 Teubneriana
615 1527 730 1610 (1902)
746 1528 961 1612 frg.78-82.
999 1525 1168 1607 Proprium
1193 1524 1295 1610 igitur
1317 1523 1380 1588 fuit

211 1635 305 1699 huius
338 1635 503 1714 carminis,
534 1640 571 1700 ut
601 1639 697 1716 poeta
726 1635 865 1720 fingeret
887 1633 994 1698 Iovem
1019 1631 1185 1697 'Photidem
1211 1655 1230 1694 a
1252 1653 1286 1695 se
1309 1629 1379 1711 ipso

210 1741 343 1824 petitam
368 1741 519 1807 vaticinio
543 1741 729 1806 deterritum
749 1741 844 1806 Peleo
869 1740 998 1806 mortali
1013 1738 1223 1804 destinavisse
1242 1737 1380 1822 iungen-

210 1850 281 1912 dam
316 1871 452 1933 eamque
481 1849 624 1932 quamvis
656 1849 868 1914 reluctantem
901 1851 1010 1912 tamen
1041 1845 1158 1910 victam
1193 1851 1226 1910 et
1258 1844 1380 1927 nuptiis
1409 1914 1414 1922 ,

210 1955 424 2020 celeberrimis
447 1957 542 2020 Peleo
566 1978 634 2020 esse
659 1955 850 2020 adiunctam.

277 2062 379 2128 Valde
410 2064 451 2127 ab
483 2064 542 2127 hac
573 2063 703 2127 fabulae
733 2064 837 2127 forma
860 2061 994 2126 discedit
1017 2082 1054 2124 ea
1077 2081 1173 2142 quam
1205 2057 1379 2140 Apollo·

209 2172 332 2234 dorus
368 2169 443 2234 bibl.
473 2169 521 2234 Ill
556 2171 616 2234 169
652 2170 823 2234 adumbrat
859 2168 925 2234 his:
972 2166 1062 2246 τινὲς
1094 2164 1133 2228 dd
1165 2163 1303 2248 λεῇνοασι
1332 2165 1379 2250 μὴ

209 2273 417 2362 βουληθῆναι
449 2273 547 2338 Θέτιν
577 2273 622 2337 Διὶ
647 2272 823 2338 συνελθεῖν
855 2274 920 2336 dab
950 2271 1056 2356 Ἥρας
1088 2283 1290 2356 τραφεῖσαν,
1323 2269 1381 2332 nra

211 2381 250 2444 ὁὲ
284 2380 484 2465 ὀργισθέντα
518 2380 632 2468 θνητῷ
665 2378 798 2446 ἐθέλειν
830 2382 934 2467 αὐτὴν
967 2382 1148 2443 συναινέσαι
1158 2379 1186 2460 ⁶)
1221 2400 1380 2462 quamque

210 2482 451 2574 Cypriorum
476 2489 742 2554 debericarmini
768 2487 1036 2553 Reitzensteinius
1059 2483 1290 2551 demonstravit
1313 2486 1380 2549 col·

287 2717 304 2784 ¹)
324 2721 510 2789 Metamorph.
531 2723 569 2774 Xl
588 2721 739 2775 221-265.

284 2805 301 2872 ”l
321 2811 355 2864 cf.
374 2811 404 2863 F.
424 2811 457 2866 H.
478 2811 510 2865 G.
533 2811 576 2865 ed.
596 2811 634 2864 M.
655 2812 666 2863 l
687 2811 729 2876 72,
751 2810 791 2866 16.

283 2895 302 2961 ⁸)
321 2900 356 2953 cs.
374 2897 441 2954 bibl.
462 2900 502 2952 ΙΙΙ
524 2900 574 2954 168
594 2918 650 2968 seq.

283 2984 302 3050 ⁴)
322 2987 501 3042 Griechische
521 2988 696 3056 Mythologie
723 3004 786 3055 pag.
806 2988 859 3040 664
878 2987 974 3039 adnot.
995 2987 1018 3038 l.
1056 2985 1128 3038 Nam
1151 2985 1224 3051 quod
1252 2984 1378 3037 Reitzen-

209 3077 327 3131 steinius
345 3077 364 3129 l.
383 3077 401 3130 l.
421 3078 524 3131 statuit
542 3076 683 3132 Pindari
703 3077 800 3131 Isthm.
816 3076 882 3129 Vlll
902 3075 1008 3129 28-62
1027 3074 1150 3130 etNem.
1168 3074 1207 3126 lV
1221 3073 1326 3128 57-68
1345 3090 1378 3126 ex

210 3165 332 3222 carmine
351 3166 462 3220 fluxisse
482 3167 569 3234 spico,
589 3167 663 3234 quod
676 3166 790 3220 nomine
807 3161 994 3232 ¹‚Peleuelieffl
1012 3161 1160 3229 significat,
1174 3161 1299 3217 eiusdem
1312 3178 1378 3216 vero

209 3255 288 3309 Nem.
299 3253 439 3308 Van-37
453 3272 487 3309 ex
500 3253 624 3309 carmine
635 3254 804 3312 Hesiodeo
819 3255 860 3314 (ut
872 3253 1050 3320 Euripidis
1061 3252 1121 3318 lph.
1133 3251 1225 3305 Aulid.
1237 3269 1280 3303 vv.
1290 3250 1378 3303 696-

209 3344 270 3408 709,
285 3342 469 3404 loss-1077)
488 3341 558 3396 mihi
573 3343 688 3410 quidem
701 3360 800 3410 parum
814 3340 967 3396 verisimile
981 3344 1031 3405 est,
1051 3357 1221 3408 quamquam
1236 3355 1293 3392 non
1306 3355 1378 3407 nego

209 3432 267 3486 tale
294 3431 380 3486 fuisse
406 3449 519 3486 carmen
547 3432 671 3498 epicum,
700 3432 773 3485 unde
795 3431 947 3484 Hesiodum
972 3429 1098 3484 hausisse
1126 3426 1262 3495 suspicari
1280 3427 1378 3495 possis,

212 3521 290 3575 cuius
309 3520 431 3589 vestigia
449 3521 568 3576 fortasse
588 3518 711 3574 servavit
731 3519 828 3574 Iliadis
842 3517 866 3570 Σ
882 3518 1007 3574 versibus
1020 3517 1172 3582 raa-435,
1191 3535 1261 3585 quos
1275 3534 1377 3582 versus,

104 3636 106 3642 ·
209 3608 422 3665 α11111Ω57-ν63
435 3616 600 3679 repugnent,
614 3610 723 3679 spurios
736 3627 795 3664 esse
808 3608 918 3663 iudicat
930 3607 1166 3664 Reitzensteinius
1176 3606 1229 3669 (1.1.
1240 3624 1302 3675 pag.
1313 3601 1378 3670 78¹),

209 3701 257 3754 sed
275 3699 343 3755 licet
361 3699 419 3754 sint
438 3699 532 3767 spurii,
552 3703 649 3754 tamen
668 3699 867 3768 relinquuntur
888 3698 1014 3752 eiusdem
1032 3695 1098 3751 libri
1118 3715 1160 3750 vv.
1181 3697 1216 3750 84
1235 3713 1301 3762 seq„
1329 3694 1377 3749 ubi

209 3790 294 3844 verba
322 3787 406 3856 ῆιιατι
433 3794 474 3856 τῷ
504 3787 554 3840 ὅτε
582 3799 617 3839 σε
642 3786 752 3855 βροτοῦ
780 3785 890 3853 ἀνέρος
915 3784 1047 3853 ἔμβαλον
1073 3786 1144 3852 εθνῇ
1172 3785 1218 3847 (sc.
1243 3783 1272 3836 ot
1295 3784 1377 3851 θεαι1,

209 3878 262 3932 etsi
290 3878 363 3932 solas
390 3877 518 3932 indicant
546 3877 674 3945 nuptiae,
703 3880 799 3930 tamen
827 3876 898 3929 mihi
926 3875 1039 3943 quidem
1069 3874 1227 3942 significare
1246 3872 1378 3929 videntur

208 3967 356 4022 'Photidem
384 3966 505 4020 invitam
533 3985 550 4020 a
578 3965 620 4020 dis
649 3965 763 4021 mortali
792 3982 821 4020 se
850 3965 966 4032 iungere
994 3981 1054 4020 esse
1082 3967 1250 4019 coactam
1278 3964 1377 4019 eadem

208 4055 331 4120 ratione,
358 4073 414 4125 qua
439 4056 514 4124 apud
533 4056 686 4110 Pindarum
713 4055 742 4108 in
762 4055 882 4109 concilio
902 4054 1017 4109 deorum
1037 4053 1172 4109 Themide
1197 4053 1313 4108 iubente
1333 4053 1377 4108 vel

209 4148 343 4201 suadente
362 4149 392 4201 et
410 4145 453 4200 dis
472 4144 659 4201 adnuentibus
673 4145 756 4200 Peleo
777 4143 919 4199 addicitur
937 4147 967 4199 et
984 4143 1091 4211 nuptiis
1110 4142 1246 4210 iungitur.
1276 4143 1377 4213 Itaque

210 4237 241 4289 ut
259 4253 303 4288 vv.
322 4236 357 4290 84
375 4252 452 4305 seqq.
471 4236 513 4290 ita
532 4234 619 4290 etiam
637 4235 690 4289 432
710 4252 786 4304 seqq.
807 4235 958 4291 servandos
977 4250 1036 4291 esse
1055 4249 1164 4291 censeo.

283 4321 301 4388 ⁸)
320 4332 487 4397 συνοικῆσαι
506 4325 538 4382 Α.
558 4343 626 4384 corr.
646 4325 779 4397 Wagner.
