3292 5034
755 461 969 521 ..26-

278 676 349 716 cum
374 676 472 734 puero
498 677 516 716 a
540 654 634 716 Peleo
659 654 842 718 discessisse
869 659 901 718 et
924 656 1073 718 Achillem
1096 677 1187 719 eurem
1202 656 1225 734 ¹)
1257 656 1289 718 in
1314 656 1444 739 Stygem

279 759 470 840 immersum,
495 762 579 844 quod
608 783 714 836 secum
739 761 771 824 in
797 784 884 824 mare
907 767 1037 842 portare
1061 784 1126 825 non
1149 766 1286 843 poterat,
1317 762 1446 826 Chironi

277 866 472 930 commisisse
503 868 651 931 alendum
682 872 715 932 et
746 851 988 933 instituendum.
1043 869 1158 933 Peleus
1188 891 1285 933 senex
1315 892 1447 950 prorsus

278 974 469 1058 neglegitur,
494 974 621 1038 Thetidi
646 974 740 1038 matri
765 997 875 1039 omnes
899 975 990 1056 pueri
1014 998 1108 1040 curae
1133 976 1320 1040 tribuuntur

345 1080 434 1144 Haec
468 1081 596 1144 fabulae
630 1082 734 1145 forma
769 1083 809 1145 ab
845 1082 1076 1165 antiquissimis
1108 1087 1140 1146 et
1173 1082 1383 1164 scriptoribus
1415 1087 1448 1146 et

278 1187 454 1251 artificibus
465 1187 492 1269 ²)
514 1189 608 1268 plane
626 1188 730 1256 aliena
745 1193 875 1269 praeter
890 1188 1029 1253 Statium
1046 1189 1105 1268 bis,
1129 1195 1285 1272 quantum
1302 1189 1445 1272 equidem
1520 1192 1528 1202 '

278 1295 351 1373 vidi,
371 1295 533 1359 invenitur
552 1300 722 1376 usurpata:
749 1296 886 1376 primum
904 1297 944 1372 ab
961 1319 1007 1376 eo,
1023 1297 1078 1380 qui
1096 1296 1172 1360 fecit
1195 1296 1338 1376 puteal
1361 1296 1446 1378 quod

279 1408 411 1467 vocatur
442 1403 739 1484 Capitolinum,
771 1404 826 1467 ubi
859 1404 1055 1484 conspicitur
1088 1403 1232 1468 Achilles
1264 1427 1282 1466 a
1315 1403 1448 1468 muliere

279 1510 384 1574 velata
408 1510 496 1573 etin
521 1509 652 1592 Stygem
677 1510 834 1574 intinctus
861 1516 893 1574 et
917 1510 1076 1575 Centauro
1101 1511 1287 1588 mandatus,
1315 1533 1385 1574 cum
1412 1509 1448 1586 ia,

279 1616 334 1700 qui
358 1615 471 1680 incidit
495 1620 654 1680 tensam
678 1617 977 1698 Capitolinam,
1000 1618 1143 1682 fabulam
1160 1622 1288 1681 secutus
1303 1618 1346 1682 sit
1364 1617 1448 1680 anti-

278 1722 387 1806 quitus
411 1723 572 1788 traditam.
619 1725 741 1788 Deinde
765 1725 898 1788 eandem
922 1725 1057 1788 formam
1083 1725 1115 1788 in
1139 1748 1230 1788 usum
1255 1747 1347 1788 suum
1371 1745 1448 1787 con-

278 1829 376 1893 vertit
398 1828 586 1911 Orpheus
601 1831 897 1914 'Argonauticorum
921 1832 976 1914 qui
993 1837 1126 1895 vocatur
1141 1836 1261 1910 auctor,
1284 1831 1348 1894 nisi
1364 1830 1448 1913 quod

274 1936 374 2000 ‘Peleo
410 1937 537 2001 conscio
575 1942 606 2000 et
641 1937 861 2002 consentiente
897 1937 1056 2002 Achillem
1093 1961 1111 2000 a
1145 1937 1281 2002 Thetide
1316 1937 1448 2002 Chironi

279 2042 433 2107 traditum
459 2045 584 2109 videtur
607 2044 748 2108 finxisse.
795 2044 923 2108 Peleum
950 2045 1033 2108 enim
1059 2068 1131 2108 cum
1151 2045 1351 2129 Argonautis
1374 2036 1449 2109 (lhi-

280 2172 389 2213 ronem
410 2151 551 2214 visurum
576 2151 734 2215 dicentem
751 2151 830 2214 facit
846 2152 973 2233 haec³):
999 2148 1143 2232 ὦφίλοι,
1161 2149 1296 2233 α’ὓρεῑτε
1312 2155 1449 2237 σνοπίης

279 2257 473 2344 προῦχοντα
502 2257 658 2320 κολωνόν
776 2256 862 2319 ἔνθα
885 2279 922 2319 τε
948 2256 1085 2339 Χείρων
1108 2262 1191 2320 ναίει
1312 2261 1375 2324 387
1400 2267 1448 2338 τῷ

280 2364 324 2444 ῥα
358 2366 412 2425 παὶ
447 2367 660 2450 ἡμέτερον
694 2375 821 2446 κοῦρον
860 2363 990 2444 Θέτις
1025 2366 1298 2447 ἀργυρόπεζα
1332 2366 1450 2450 νήπιον

281 2468 525 2554 ἀρτιγένεῦλον
559 2472 605 2534 έν
637 2471 919 2556 ἀντιαλίὸεοοι
950 2471 1142 2552 λαβοῦσα
1165 2471 1297 2558 Πήλιον
1328 2475 1449 2534 εἰνοσί-

280 2576 414 2659 φυλλον
426 2577 485 2664 έβη
497 2577 670 2660 Χείρωνι
683 2579 863 2641 τ’έὸωιιεν
879 2577 917 2642 εὖ
929 2583 983 2642 ναὶ
995 2581 1225 2659 ἐπισταμένως
1235 2581 1450 2663 ἀγαπαζέμεν

280 2685 332 2770 'qd’
349 2685 547 2748 άτιτάλλειν.
604 2689 727 2764 Quibus
760 2689 954 2770 comparatis
987 2688 1126 2752 efficitur
1158 2689 1301 2751 fabulam
1333 2710 1397 2751 non
1431 2711 1450 2750 a

281 2792 385 2857 Statio
417 2816 484 2858 esse
510 2802 675 2874 novatam,
706 2797 767 2860 etsi
792 2801 866 2860 ante
891 2819 962 2860 eum
988 2817 1145 2878 nusquam
1170 2794 1324 2874 occurrit,
1354 2796 1408 2858 sed
1433 2817 1450 2856 e

261 2971 263 2976 ,
280 2901 370 2965 fonte
386 2902 607 2984 depromptam
622 2903 796 2968 vetustiore
813 2903 987 2984 deperdito,
1004 2925 1021 2966 e
1037 2903 1125 2986 quali
1140 2902 1238 2966 etiam
1254 2900 1449 2982 posteriores

282 3008 424 3072 hausisse
455 3011 621 3090 probabile
653 3016 709 3076 est.
756 3010 841 3074 Nam
866 3011 1030 3088 artificem,
1063 3010 1118 3093 qui
1142 3009 1252 3090 puteal
1275 3007 1450 3071 illustravit

281 3114 507 3195 Capitolinum,
534 3118 699 3182 materiam
724 3118 901 3181 fabularem
928 3141 944 3181 e
969 3118 1085 3201 cyclo
1116 3116 1259 3181 hausisse
1288 3115 1450 3199 mytho-

281 3223 422 3306 logico
457 3223 556 3287 multo
589 3225 792 3289 verisimilius
825 3248 892 3289 esse
924 3247 1020 3308 quam
1053 3247 1070 3288 e
1095 3225 1278 3308 fragmento
1302 3221 1449 3286 Statiano

281 3329 344 3392 iam
369 3352 467 3410 supra
490 3331 816 3414 demonstravimus⁴)
836 3336 868 3395 et
887 3337 1024 3412 poetam,
1048 3332 1103 3415 qui
1119 3329 1340 3414 Argonautica
1364 3351 1450 3393 corn·
1505 3351 1511 3362 ·

356 3596 373 3662 ι)
392 3601 426 3653 cf.
444 3601 458 3652 'I
478 3601 520 3654 37.
586 3609 589 3616 '

334 3698 338 3704 '
357 3684 373 3750 'l
393 3707 458 3743 nam
472 3691 547 3758 quod
562 3691 590 3744 in
605 3690 677 3744 vasis
692 3692 833 3745 nonnullis
845 3692 930 3759 pictis
944 3691 987 3753 (cf.
1002 3691 1153 3753 Orerbeck,
1168 3688 1279 3743 Galeris
1293 3689 1451 3743 heroischer

282 3777 437 3832 Bildwerke
452 3780 537 3846 lpag.
546 3779 599 3834 282
610 3799 650 3834 nr.
659 3780 735 3843 1-6)
755 3780 885 3836 Thetis
905 3779 1084 3848 conspicitur,
1099 3779 1165 3832 dum
1178 3778 1299 3832 Peleus
1311 3777 1450 3832 Achillem

283 3867 397 3922 Chironi
422 3867 523 3932 tradit,
549 3870 602 3922 hoc
628 3869 810 3924 Robertus
837 3870 903 3925 inde
928 3870 1035 3924 factum
1053 3885 1121 3922 esse
1143 3871 1218 3922 recte
1238 3865 1450 3930 demonstravit,

282 3957 356 4024 quod
382 3957 504 4024 pictores
530 3957 573 4011 illi
599 3976 689 4026 neque
716 3961 874 4028 temporum
894 3976 985 4026 neque
1004 3958 1058 4012 loci
1078 3957 1188 4011 ratione
1207 3957 1306 4010 habita
1325 3956 1450 4009 fabulam

281 4049 381 4111 totam,
401 4051 538 4114 quantum
557 4050 679 4116 possent.
700 4049 750 4101 sub
769 4066 824 4101 uno
844 4051 994 4115 conspectu
1013 4065 1115 4116 ponere
1135 4046 1294 4100 studuerint
1309 4044 1380 4107 (Bild
1394 4044 1451 4098 und

282 4135 349 4188 Lied
367 4153 431 4204 pag.
452 4137 494 4200 52,
515 4136 566 4188 123
588 4137 652 4190 adn.
672 4137 722 4199 58).

356 4222 374 4287 ³)
394 4243 463 4279 vers.
483 4226 535 4279 379
555 4243 631 4294 seqq.
651 4227 694 4281 ed.
714 4227 745 4281 G.
766 4227 918 4280 Hermann.

355 4314 374 4380 ⁴)
393 4317 427 4371 cf.
448 4334 510 4386 pag.
531 4316 573 4372 20.
