3292 5034
719 474 936 536 ..24-

247 671 434 734 Homericae
465 669 644 751 oppositam
671 669 775 732 causis
800 667 916 731 additis
940 665 1126 730 formavisse
1151 670 1182 728 et
1207 664 1339 728 carmini
1363 665 1412 727 in-

244 777 380 842 seruisse
411 776 563 840 videatur.
606 814 638 822 -
679 773 785 858 Atque
818 773 978 838 Achillem
1010 779 1112 836 matre
1146 772 1294 835 orbatum
1329 772 1412 851 apud

244 884 413 949 Chironem
445 885 611 947 educatum
644 904 711 946 esse
742 881 985 964 antiquissimus
1013 878 1103 943 uobis
1128 878 1220 942 testis
1244 885 1293 942 est
1317 878 1413 941 Pin·

244 992 380 1068 darus,
405 989 460 1072 qui
473 988 626 1073 Pytth
640 991 678 1052 21
699 993 810 1052 narrat
825 987 997 1052 Chironem
1010 985 1042 1048 in
1058 985 1222 1050 montibus
1237 985 1413 1066 sapientiae

244 1101 415 1178 praecepta
448 1095 572 1160 dedisse
607 1095 865 1178 ὀρφανιζομένῳ
891 1092 1051 1184 Πηλεΐδᾳ,
1099 1092 1184 1156 Idem
1219 1092 1286 1154 fere
1317 1091 1415 1155 tradit

245 1201 574 1285 Apollodorus1),
598 1225 691 1285 quem
714 1201 983 1284 ePherecyde
1007 1199 1151 1262 hausisse
1166 1220 1247 1281 quae
1264 1199 1302 1261 de
1318 1197 1413 1262 Peleo

237 1309 424 1374 narraverit
442 1309 601 1372 ltobertus
617 1307 856 1389 demonst1·at.²)
896 1307 1076 1386 Quaeritur,
1099 1306 1183 1368 unde
1202 1304 1251 1367 illi
1271 1304 1415 1369 fabulam

245 1415 452 1498 sumpserint,
484 1438 557 1478 nam
582 1415 755 1478 Pindarum
780 1414 923 1478 fabulam
947 1418 1092 1494 spectare
1117 1410 1323 1476 vetustiorem
1348 1412 1415 1492 ipse

245 1527 383 1587 testatur
404 1521 423 1586 l.
436 1521 465 1602 l,
484 1544 556 1586 cum
576 1521 677 1586 dicat:
702 1521 743 1582 τά
759 1520 832 1582 ποτ’
849 1521 887 1581 ἐν
904 1520 1019 1600 οὔρεσι
1042 1521 1172 1602 φαντὶ
1267 1516 1417 1599 Φιλύρας

244 1627 318 1690 υἱόν
341 1675 369 1689 ..
393 1637 576 1709 παραινεῖν.
613 1629 720 1711 Atque
739 1627 900 1691 Robertus
917 1627 951 1707 (l.
970 1626 1003 1708 l.)
1021 1649 1149 1690 carmen
1170 1625 1416 1704 Hesiodeum,

245 1758 308 1818 quo
333 1734 428 1798 etiam
446 1757 527 1818 quae
552 1735 591 1798 ad
608 1735 738 1815 nuptias
755 1733 936 1815 spectantia
955 1738 1067 1797 narrat
1081 1733 1240 1796 Pindarus
1256 1732 1416 1813 descripta

244 1842 342 1906 fnisse
373 1865 443 1906 curn
476 1841 619 1923 Gruppio
651 1840 860 1920 coniecimuS,
893 1839 1062 1904 Pindari
1098 1844 1131 1904 et
1162 1840 1416 1924 Pherecydis
1483 1862 1486 1866 ’

244 1949 366 2013 fontem
390 1948 489 2012 fuisse
513 1970 711 2013 communem
731 1948 903 2012 verisimile
928 1969 995 2012 esse
1017 1948 1140 2012 statuit.
1182 1947 1331 2012 Fortasse
1348 1952 1417 2011 tota

245 2056 355 2119 fabula
378 2055 442 2119 iam
466 2055 709 2138 Cypriorum
733 2061 847 2136 poetae
871 2055 974 2136 possit
997 2055 1105 2134 tribui,
1130 2055 1156 2118 si
1179 2077 1248 2120 cum
1267 2055 1416 2120 Reitzen-

245 2162 361 2226 steinio
385 2185 444 2243 pro
468 2168 556 2226 certo
576 2163 734 2244 possimus
751 2163 903 2248 colligere
920 2162 1190 2243 Apollonium
1215 2162 1415 2226 Rhodium

247 2293 358 2334 onmes
381 2269 508 2333 fabulas
533 2271 571 2334 ad
597 2270 727 2334 Peleum
752 2274 784 2334 et
807 2270 975 2334 Thetidem
1000 2269 1199 2351 pertinentes
1223 2293 1240 2334 e
1264 2269 1417 2353 Cypriis

247 2377 397 2444 hausisse.
453 2375 515 2440 Hic
549 2375 632 2440 enim
664 2377 739 2440 libri
764 2377 810 2441 lV
846 2377 991 2441 versibus
1015 2379 1168 2442 865-77
1202 2381 1234 2441 et
1265 2378 1328 2440 810
1353 2399 1417 2459 seq.

246 2482 389 2546 fabulam
415 2488 570 2547 memorat
593 2483 647 2560 ita,
672 2490 708 2548 ut
733 2485 839 2565 priore
854 2485 926 2549 loco
943 2507 1006 2567 qua
1024 2485 1062 2547 de
1079 2506 1174 2547 causa
1191 2482 1303 2547 Thetis
1318 2480 1417 2565 puero

246 2589 358 2654 relicto
394 2613 412 2653 a
448 2590 542 2654 Peleo
576 2590 720 2675 digressa
755 2591 788 2654 in
823 2614 910 2656 mare
946 2590 1076 2655 redierit
1114 2595 1269 2672 exponat,
1316 2591 1417 2656 altero

247 2695 406 2762 Achillem
434 2735 472 2744 --
498 2697 648 2761 nimirum
673 2698 804 2762 aPeleo
829 2698 984 2763 traditum
1004 2735 1039 2742 —
1068 2697 1217 2762 Chironis
1233 2698 1266 2760 in
1283 2697 1419 2762 stabulis

247 2828 265 2867 a
290 2803 438 2888 nymphis
462 2804 619 2868 nutritum
643 2827 720 2870 esse.
768 2804 828 2870 Sed
853 2805 985 2869 dubium
1014 2809 1075 2883 est,
1107 2827 1184 2868 uum
1208 2804 1270 2868 hoo
1293 2804 1419 2887 Cypriis

247 2911 416 2989 debeatur;
441 2934 514 2975 nam
539 2911 810 2993 Apollonium
836 2911 932 2975 etiam
957 2911 1130 2975 Pindari
1154 2910 1220 2976 sire
1244 2911 1419 2975 Hesiodi

156 3081 161 3091 ,
247 3017 384 3101 vestigia
400 3011 552 3099 pressisse
568 3017 598 3080 in
614 3018 733 3082 fabulis
747 3019 924 3082 formandis
938 3041 1047 3082 versus
1063 3019 1180 3083 docent
1192 3017 1330 3081 eiusdem
1344 3017 1418 3081 libri

249 3125 423 3188 raa-802
448 3126 620 3189 seeundum
646 3125 789 3190 fabulam
814 3120 1008 3190 Hesiodeam
1026 3125 1216 3209 Cypriorum
1241 3124 1417 3188 narrationi

247 3229 339 3297 illati.
378 3229 491 3314 ltaque
515 3253 588 3295 eum
611 3232 754 3296 Roherto
779 3255 907 3296 carmen
924 3232 1119 3296 Hesiodeum
1143 3231 1272 3295 fabulae
1296 3231 1418 3294 fontem

248 3336 392 3417 accipere
426 3337 551 3417 malim,
586 3361 780 3421 quamquam
816 3362 881 3403 non
916 3360 1000 3422 nego
1022 3329 1102 3402 'eam
1133 3338 1196 3401 iam
1227 3337 1260 3400 in
1295 3337 1420 3420 Cypriis

248 3441 413 3506 occasione
438 3444 513 3507 data
537 3445 661 3508 narrari
686 3445 837 3526 potuisse.

315 3547 381 3612 lam
406 3549 433 3612 si
457 3549 592 3632 quaeris,
617 3573 754 3634 quanam
780 3552 818 3631 de
843 3574 939 3615 causa
955 3551 1068 3616 Thetis
1086 3551 1213 3615 Peleum
1236 3550 1420 3629 deseruerit,

248 3654 532 3737 Apollodorus
557 3661 588 3720 et
612 3655 866 3738 Apollonius
890 3657 1074 3721 Rhodius
1098 3659 1229 3721 tradunt
1245 3659 1336 3721 deam
1353 3658 1420 3721 filio

248 3761 524 3828 immortalitatem
556 3768 739 3844 paraturam
774 3788 793 3827 a
824 3765 920 3828 Peleo
954 3764 1139 3846 impeditam
1174 3786 1257 3845 esse,
1292 3788 1355 3848 qua
1388 3787 1421 3828 re

249 3869 371 3932 offensa
396 3874 427 3932 et
450 3869 534 3934 irata
557 3893 656 3952 puero
681 3871 793 3936 relicto
817 3871 851 3934 in
877 3894 963 3935 mare
988 3871 1158 3954 redierit.³)
1203 3872 1345 3935 Eandem
1370 3871 1421 3935 vel

325 4043 342 4107 ¹)
360 4047 428 4116 bini.
449 4049 489 4100 m
511 4049 570 4103 na.

324 4131 342 4197 ”t
363 4137 402 4190 De
422 4137 585 4204 Apollodori
606 4138 785 4202 bibliotheca,
806 4141 897 4194 Berol.
919 4140 995 4204 1873,
1015 4158 1078 4208 pag.
1099 4142 1141 4193 67.
1304 4182 1305 4185 η

324 4220 341 4285 ⁸)
360 4224 469 4280 Similia
488 4227 621 4296 leguntur
634 4228 718 4281 schol.
737 4228 762 4280 ll
777 4229 823 4292 37;
844 4229 987 4284 Ptolem.
1008 4229 1189 4299 Hephaest.
1203 4229 1255 4294 VI;
1276 4229 1421 4282 Taetzae

249 4315 334 4369 schol.
354 4314 389 4368 ad
409 4316 568 4384 Lycophr.
591 4317 649 4371 178.
