3292 5034
682 447 990 509 -11-·

313 644 440 726 corripit
447 666 459 721 ,·
484 643 538 705 illu
566 641 650 706 surlet·
670 641 785 704 deiectu
810 643 843 704 lu
866 642 987 704 luruiuu
1010 643 1094 724 polla

314 771 366 812 uec
390 749 461 813 Ioue
486 751 633 812 titularem
656 750 745 812 nasci
767 750 906 832 suspirat
930 748 1111 829 Aalvilleu.¹)

273 855 321 918 De
351 855 512 937 nuptiis
543 855 648 936 ipsis
683 859 719 919 ut
751 854 891 919 breviter
923 876 1120 936 exponamus
1152 852 1248 937 tingit
1280 859 1376 934 poeta

206 985 259 1025 eas
282 962 459 1027 celebratas
483 983 550 1026 esse
574 962 608 1026 in
626 961 714 1027 Pelio
734 967 853 1042 monte,
877 962 931 1044 qui
948 961 1039 1045 quasi
1056 960 1125 1042 ipse
1142 962 1232 1025 Pelea
1248 963 1376 1024 ›rearilal

206 1091 296 1132 suum
322 1068 367 1152 (ΙΙ
391 1071 432 1133 55
457 1071 535 1152 seq.)
560 1067 708 1133 Chironis
735 1067 766 1132 in
793 1072 888 1132 antro
920 1091 938 1131 a
968 1067 1029 1132 dis
1060 1067 1261 1147 omnibuS‚
1292 1068 1375 1131 unde

206 1175 238 1237 in
263 1180 356 1240 antro
381 1176 587 1240 describendo
612 1175 689 1240 dicit
712 1175 741 1257 (l
768 1176 829 1240 109
852 1174 948 1259 seq.):

311 1284 400 1366 siqua
424 1290 526 1347 larueu
549 1283 711 1365 divumque
737 1284 798 1346 lori
818 1289 845 1348 el
870 1303 957 1367 quau
982 1284 1111 1368 quisque
1132 1283 1269 1346 sacrarit

312 1388 453 1452 accubitu
474 1391 623 1474 perteque
648 1390 744 1453 locum
768 1395 985 1453 monstrantur
1007 1411 1033 1454 e.
1049 1412 1078 1472 q.
1096 1411 1119 1453 s.

205 1495 329 1570 Quibus
358 1495 391 1558 in
416 1495 538 1577 nuptiis
562 1496 624 1559 iam
648 1496 717 1560 fata
741 1495 879 1560 Achillis
903 1495 1013 1561 futura
1036 1499 1166 1587 cantata
1189 1518 1257 1560 esse
1280 1500 1376 1576 poeta
1406 1581 1408 1585 Α

205 1601 311 1686 tangit
327 1602 433 1667 verbis
449 1602 499 1667 his
516 1602 561 1685 (II
574 1603 646 1686 5t):
671 1610 698 1668 el
713 1605 777 1668 iam
793 1611 868 1668 lunc
883 1605 998 1668 uostris
1009 1605 1200 1688 promitteris
1216 1604 1321 1666 aratris.
1334 1639 1373 1647 -

205 1707 313 1792 Atque
337 1710 412 1774 deos
435 1731 545 1774 omnes
566 1713 598 1774 et
614 1711 689 1774 deas
705 1711 836 1792 nuptias
853 1708 939 1774 Pelei
955 1715 988 1773 et
1003 1708 1150 1773 Thetidis
1166 1708 1375 1774 celebravisse

204 1815 238 1879 in
270 1815 358 1880 Pelio
394 1821 503 1881 nronte
538 1816 744 1882 consentiunt
778 1816 1010 1901 mythographi
1042 1822 1074 1881 et
1104 1820 1218 1898 poetae
1248 1820 1376 1898 praeter

205 1923 422 1989 Catullum.
491 1923 555 1988 Hic
593 1923 677 1987 enim
716 1923 848 2005 nuptias
890 1923 1082 1987 Pharsali
1128 1925 1231 1987 factas
1269 1921 1375 2005 essess)

204 2033 237 2092 et
267 2028 503 2111 Apollinem
535 2053 606 2096 cum
638 2030 769 2094 Diana
802 2053 910 2096 sorore
942 2030 1064 2111 nuptiis
1097 2053 1161 2095 non
1192 2028 1375 2094 interfuisse

203 2136 350 2221 fingit⁸)‚
380 2160 444 2222 qua
467 2160 501 2202 re
529 2142 658 2202 coactus
689 2142 737 2202 est
761 2135 948 2202 vaticinium
980 2137 1126 2202 aStatio
1157 2135 1374 2221 significatum

204 2243 347 2308 Parcis
371 2243 449 2325 ipsis
472 2245 622 2325 tribuere,
647 2266 717 2309 cum
742 2245 839 2309 ceteri
864 2243 1103 2326 Apollinem
1127 2247 1183 2308 aut
1206 2242 1377 2325 solum4)
1460 2307 1464 2314 .

204 2355 260 2414 aut
292 2350 468 2416 Chirone
503 2351 691 2434 adiuncto⁶)
726 2351 864 2416 Achillis
899 2357 1018 2417 sortem
1053 2351 1205 2417 cecinisse
1236 2351 1375 2416 tradant.

280 2597 297 2661 ¹)
318 2598 354 2668 [v.
376 2601 426 2655 130
444 2603 476 2654 in
494 2609 602 2669 sperato
621 2601 653 2655 Pa
676 2603 705 2667 C,
725 2603 888 2656 emendavit
907 2599 1082 2668 Gronovius]

280 2685 298 2751 ⁹)
317 2708 339 2745 c.
360 2690 402 2754 64,
421 2691 469 2744 37:
491 2679 657 2744 Pharsalum
676 2698 777 2758 coeunt,
796 2693 948 2744 Pharsalia
967 2699 1033 2745 tarta
1049 2693 1230 2758 frequentant.

278 2777 296 2843 ³)
316 2781 350 2835 cl.
371 2798 456 2835 carm.
476 2781 519 2844 64,
538 2781 689 2846 298--302,
709 2781 900 2836 Reitzenstein
919 2782 937 2835 l.
957 2782 976 2835 l.
996 2799 1059 2850 pag.
1072 2767 1123 2835 88.
1373 2834 1375 2838 ,

277 2867 296 2932 ‘l
310 2871 387 2924 velut
400 2871 587 2932 Aeschylus
598 2871 700 2937 fragm.
709 2870 761 2927 350
770 2869 869 2936 N.,ubi
877 2870 975 2926 Thetis
987 2871 1124 2938 loquitur:
1140 2868 1156 2921 ὁ
1169 2865 1249 2933 δ’(εο.
1260 2867 1375 2934 Φοῖβος)

205 2955 368 3010 ἐνδατεῑται
395 2957 448 3023 τὰς
471 2958 546 3024 ἐμὰς
563 2956 719 3025 εὐπαιδίας
735 2959 836 3012 νόσων
855 2953 876 3011 τ’
878 2959 1021 3027 ἀπέιραυς
1038 2959 1085 3010 καί
1102 2958 1295 3025 μακραίωνας
1309 2955 1375 3023 βίον

204 3046 358 3112 ξύμπαντα
384 3041 502 3099 τέίπὼν
523 3048 677 3115 θεοφιλεῖς
693 3047 768 3114 ἐμὰς
786 3049 873 3116 τύχας
889 3043 989 3100 παιᾶν’
1008 3047 1220 3116 ἐπηυφήμησεν
1238 3045 1376 3110 εὐθυμῶν

203 3135 258 3200 ἐμὲ
276 3151 301 3186 κ.
315 3153 337 3187 τ.
351 3136 377 3188 λ.
398 3136 431 3192 cl.
445 3135 470 3187 Ω
483 3137 525 3191 63.
563 3136 693 3198 Quinti
713 3137 905 3200 Smyrnaei
927 3139 967 3191 ΙΙΙ
990 3138 1039 3191 100
1058 3156 1136 3205 seqq.
1173 3132 1374 3190 Claudiani

204 3225 368 3294 epithalam.
389 3226 423 3280 de
442 3229 520 3294 nupt.
541 3227 644 3280 Honor.
664 3227 736 3294 Aug.
754 3228 873 3295 praefat.
893 3246 918 3282 v.
940 3228 971 3280 lt
991 3244 1067 3296 seqq.

385 3316 453 3367 Tum
472 3316 600 3383 Phoebus,
619 3333 671 3383 quo
690 3333 759 3368 sarra
778 3319 870 3369 domat
888 3334 940 3384 quo
953 3318 1096 3383 pertrahit
1115 3332 1197 3368 ornae

375 3405 481 3471 pectine
499 3405 611 3456 tentavit
629 3406 762 3458 nobiliore
780 3407 887 3473 ipram:

380 3499 575 3560 venturumque
593 3495 682 3547 sacris
699 3495 799 3559 fidibus
818 3496 875 3547 iam
893 3497 1006 3562 spondet
1025 3496 1165 3559 Achillem,

379 3583 435 3634 iam
454 3583 591 3650 Pbrppiae
609 3585 709 3650 caedes,
729 3584 786 3636 iam
806 3585 943 3637 Simoenta
962 3585 1043 3636 canit.

276 3664 294 3729 ⁵)
315 3670 391 3724 velut
409 3669 591 3738 Euripides
612 3669 702 3738 lphig.
716 3671 808 3725 Aulid.
830 3691 854 3726 v.
871 3673 939 3726 1062
959 3690 1052 3740 seqq:
1070 3670 1149 3738 μέγα
1169 3665 1374 3733 ιδ’ὰνέκίαγον)

201 3753 226 3808 ὡ
246 3756 340 3826 Νηρηὶ
365 3756 447 3824 κόρα,
470 3755 577 3824 παῖδες
601 3759 630 3810 αἱ
651 3758 812 3826 Θεσσαλαί,
835 3760 935 3829 μέγα
960 3766 1040 3828 φῶς
1061 3760 1166 3825 μάντις
1187 3757 1203 3809 ὁ
1224 3753 1367 3823 Φοίβοςὸ

201 3844 326 3898 Μουσᾶν
358 3840 469 3912 τέῖὸὼς
494 3849 702 3914 γεννάσεις
732 3849 852 3916 Χείρων
881 3850 1087 3917 ἐζωνόμασεν,
1118 3850 1152 3914 ὃς
1184 3845 1240 3914 ἣξει
1272 3843 1365 3912 χθόνα

199 3935 353 4002 λογχήρεσι
365 3936 419 3986 σὺν
429 3933 627 4004 Μυρμιδόνων
639 3938 794 4004 ἀσπισταῖς
806 3939 946 4005 Πριάμοιο
956 3939 1075 3992 κλεινὰν
1084 3947 1173 4006 γαῖαν
1182 3935 1368 4000 ἐκπυρώσων

203 4041 226 4074 κ.
242 4041 263 4074 τ.
278 4024 314 4087 h,
335 4025 368 4078 cf.
388 4025 499 4080 Valer.
522 4027 541 4078 F
547 4026 630 4081 lace.
653 4029 661 4080 ί
685 4029 743 4090 139,
762 4031 907 4097 pulsatque
925 4032 1017 4098 chelyn
1032 4037 1096 4097 post
1110 4031 1208 4099 pocula
1226 4029 1363 4079 Chiron

201 4113 418 4180 Apollinaris
438 4115 573 4168 Sidonii
596 4134 679 4170 carm.
700 4118 764 4170 XlV
784 4138 809 4170 v.
829 4119 863 4173 26
882 4137 974 4188 seqq:

501 4207 538 4256 acl
556 4207 650 4258 taedas
673 4208 794 4260 Thetidis
807 4210 943 4275 probante
961 4210 1064 4262 Phoebo

502 4301 525 4349 u
548 4297 570 4344 (ί
576 4296 613 4351 hi
621 4314 685 4352 roa
704 4299 800 4354 cecinit
818 4299 924 4355 minore
938 4301 1051 4369 plectro.
