3292 5034
756 454 974 516 ..32-

281 643 522 726 Xenophon¹)
547 645 577 708 in
604 645 823 729 cynegetici
849 646 986 713 exordio.
1023 646 1109 722 Quas
1133 645 1318 727 disciplinas
1340 668 1450 709 omnes
1538 692 1542 698 -

280 753 411 820 (lhiroui
435 753 574 816 tributas
602 752 889 817 Philostratus
915 755 974 816 sub
998 777 1062 818 uno
1087 754 1253 834 componit
1277 757 1449 833 conspectu

280 859 374 923 simili
409 860 532 937 ordine,
566 883 628 942 quo
657 859 780 923 Statius
811 859 850 923 iis
876 860 1032 924 Achillem
1057 884 1075 923 a
1100 859 1237 924 Chirone
1262 859 1448 923 institutum

280 989 348 1030 esse
373 965 570 1045 describit²)‚
594 966 829 1046 praetermissis
854 971 961 1030 tamen
978 966 1136 1050 gymnicis
1154 971 1186 1029 et
1202 965 1342 1049 reliquis,
1367 987 1448 1048 quae

280 1075 319 1137 ad
355 1073 574 1138 educationem
610 1072 837 1137 instituendam
875 1073 1055 1137 universam
1096 1073 1274 1137 necessaria
1310 1073 1448 1137 Statium

280 1180 412 1245 Ohironi
436 1179 586 1244 tribuisse
611 1179 830 1262 videbimus³)

347 1288 435 1352 Haec
466 1289 503 1352 de
527 1287 686 1351 Centauro
717 1286 786 1367 ipso
813 1286 949 1351 Achillis
973 1287 1140 1371 magistro.
1186 1287 1253 1351 lam
1278 1287 1448 1365 videamus,
1502 1269 1505 1275 Ι

280 1418 343 1479 quo
368 1396 460 1458 modo
478 1393 634 1457 infantem
651 1393 712 1456 sibi
728 1394 914 1457 mandatum
933 1394 972 1457 ad
989 1393 1239 1457 adulescentiam
1255 1393 1449 1475 perduxerit.

280 1504 388 1586 Atque
411 1501 550 1582 primum
574 1499 701 1583 quidem
727 1522 863 1581 puerum
887 1501 980 1564 modo
1005 1505 1115 1564 natum
1140 1505 1172 1564 et
1195 1500 1289 1564 lactis
1313 1501 1448 1565 materni

280 1613 444 1690 expertem
476 1607 610 1671 nutricis
641 1606 745 1671 instar
769 1607 948 1671 Centaurus
978 1607 1086 1672 alebat
1115 1607 1290 1672 visceribus
1319 1608 1448 1671 leonum

279 1722 312 1781 et
335 1715 474 1780 medulla
497 1716 645 1795 luparum
670 1714 970 1796 semianimarurn.⁴)
1019 1715 1104 1778 Haec
1127 1716 1203 1778 mihi
1220 1717 1328 1798 prima
1352 1715 1448 1795 Ceres,

280 1825 354 1887 haec
384 1824 457 1886 laeti
485 1844 616 1886 meruero
640 1821 773 1902 Bacchi,
802 1824 847 1885 sic
875 1821 970 1884 dabat
1001 1823 1052 1884 ille
1072 1829 1170 1904 pater,
1205 1821 1348 1885 Achilles
1382 1820 1449 1902 ipse

282 1933 393 1993 narrat
415 1928 561 1993 versibus
586 1927 870 2011 irrsequentilrus.⁵)
905 1927 990 1991 Idem
1009 1928 1108 1991 tradit
1126 1925 1448 2008 Apollodorus.⁶)

280 2036 372 2102 Unde
404 2036 481 2100 licet
513 2033 668 2116 suspicari
702 2035 783 2097 hanc
816 2035 959 2098 fabulam
993 2035 1056 2098 iam
1089 2039 1251 2099 narratam
1284 2034 1382 2098 fuisse
1415 2035 1448 2097 in

279 2143 419 2208 carmine
458 2141 681 2220 Hesiodea,
721 2165 737 2231 e
775 2165 838 2224 quo
877 2142 1176 2222 Apollodorum
1213 2142 1448 2259 Pherecyde

279 2249 666 2329 mercedenetpendere
690 2218 852 2312 liebertus
875 2248 1046 2312 verisimile
1071 2248 1284 2313 essestatuit.
1291 2248 1316 2331 )
1360 2249 1448 2324 Quae

279 2358 388 2422 fabula
412 2360 487 2420 cont
490 2355 573 2418 raria
596 2355 633 2434 ei,
657 2377 751 2437 quam
778 2360 905 2418 secutus
934 2359 984 2418 est
1008 2354 1240 2436 Apollonius
1264 2356 1448 2435 Rhodius,

278 2517 490 2528 ,.-......---

353 2604 369 2669 ¹J
389 2607 432 2661 vel
451 2606 483 2669 is,
503 2605 552 2672 qui
571 2606 644 2658 huuc
663 2605 765 2659 librum
786 2604 961 2673 conscripsit.
1075 2661 1080 2672 ‚

352 2691 369 2758 'l
387 2694 493 2750 heroici
512 2712 576 2763 pag.
588 2693 639 2748 708
652 2695 694 2749 ed.
709 2694 830 2761 Kayser:
851 2692 991 2761 Χείρωνα
1009 2689 1044 2744 δὲ
1063 2692 1114 2744 τὸν
1132 2693 1167 2744 ἐν
1189 2692 1286 2761 Πηλίῳ
1306 2693 1445 2762 γενέσθω

274 2783 331 2848 μὲν
350 2795 438 2851 φησιν
457 2783 609 2850 ἀνθρώπῳ
623 2782 733 2846 ὅμοιον,
752 2781 849 2849 σοφὸν
864 2779 898 2834 ὁέ
913 2782 959 2834 uoi
978 2782 1089 2850 λόγους
1107 2783 1153 2834 uoi
1173 2784 1257 2850 ἔργα,
1277 2783 1398 2851 θήρας
1416 2801 1448 2835 τε

276 2872 335 2940 γὰρ
362 2873 497 2939 ποικίλης
524 2872 631 2939 ἥπτετο
660 2871 703 2933 (ci.
723 2873 795 2927 Stat.
814 2873 883 2927 th.
902 2874 928 2926 ll
950 2873 1098 2934 102-128)
1127 2873 1228 2923 καὶτὰ
1255 2873 1448 2937 πολεμικὰ

277 2957 418 3013 ἐπαίδευε
437 2961 567 3023 1ο1.1111(1.
589 2962 737 3023 129-153)
757 2961 803 3011 uoi
822 2962 981 3027 ἰατροὺς
999 2961 1149 3028 ἀπέφαινε
1167 2948 1211 3024 (ci.
1233 2964 1381 3027 159--1621
1400 2963 1447 3013 uai

274 3051 486 3116 μουσικοὺς
505 3049 626 3117 ἥρμοττε
645 3050 688 3113 (cf.
706 3052 755 3104 151
769 3051 836 3118 seq.)
856 3050 902 3101 uai
921 3046 954 3100 ὁ(
965 3051 1099 3115 κοίους
1117 3051 1213 3102 ἐποίει
1231 3052 1274 3113 (ci.
1290 3052 1446 3116 los-165).

350 3135 368 3204 'l
389 3140 555 3194 Addendum
582 3143 626 3194 est
651 3140 726 3207 quod
744 3140 890 3194 Dummler
916 3139 1130 3205 (Antisthenica,
1150 3141 1230 3193 Halis
1252 3140 1327 3205 1882,
1346 3160 1410 3210 pag.
1431 3144 1447 3196 6

276 3231 371 3285 adnot.
387 3230 410 3292 1)
429 3227 557 3294 coniecit,
576 3229 633 3283 iam
648 3228 802 3282 Antisth
812 3247 912 3283 enem
932 3230 1093 3296 cynicorum
1113 3228 1267 3297 principem
1282 3231 1311 3283 in
1324 3231 1446 3298 dialogo

276 3318 324 3386 qui
344 3319 477 3373 Hercules
496 3318 667 3382 inscribitur,
692 3318 808 3372 Achillis
828 3336 845 3371 a
865 3318 984 3373 Chirone
1004 3318 1116 3372 educati
1143 3319 1314 3373 mentionem
1337 3321 1446 3385 fecisse,

276 3407 299 3460 si
319 3408 432 3474 quidem
453 3409 643 3474 fragmentum
657 3409 696 3460 Vl
716 3408 840 3474 pertinet
859 3409 894 3461 ad
914 3408 1071 3462 Herculem.
1111 3411 1188 3474 Quod
1205 3411 1231 3460 si
1250 3417 1318 3461 recle
1336 3414 1446 3476 coracio,

276 3496 370 3563 inquit
391 3497 432 3550 vir
450 3495 556 3561 doctus,
575 3500 605 3549 ia
619 3499 735 3550 Hercule
753 3501 890 3561 transitus
907 3499 985 3562 fiebat
1004 3499 1037 3549 ab
1051 3499 1204 3550 Alcibiadis
1220 3499 1392 3563 formositate
1410 3504 1448 3552 ad

276 3587 407 3639 Achillem
421 3589 529 3653 eiusque
542 3589 617 3654 apud
631 3589 775 3640 Chironem
789 3589 980 3654 educationem,
995 3589 1041 3639 ahi
1051 3589 1192 3639 Herculem
1205 3590 1307 3640 inuenit
1320 3592 1445 3654 caricum,

275 3692 329 3728 aaa
355 3671 455 3726 dechor
477 3677 597 3742 profecto
622 3674 756 3742 ἐραστὴν.
800 3679 832 3728 Ut
851 3680 899 3728 ille
918 3679 1051 3729 Achillem
1074 3680 1114 3728 sic
1136 3679 1260 3729 Socrates
1280 3679 1445 3730 Alcibiadem

198 3761 202 3772 '
276 3767 312 3816 ad
331 3767 454 3816 virtulem
474 3767 561 3817 cludet
574 3768 732 3832 perducere.

350 3848 421 3914 ⁴.)cf
441 3851 609 3906 1101111199
630 3871 686 3920 seq

350 3937 421 4004 “lot
440 3941 542 3995 ibidl
530 3942 577 3995 011
599 3960 655 4008 seq.

349 4025 594 4092 1111111111172,
617 4032 725 4097 rolliger
745 4027 779 4082 δὲ
799 4030 850 4082 τὸν
868 4029 960 4083 arcibo
980 4031 1058 4100 πρὸς
1077 4030 1215 4097 Xeiomra
1238 4031 1358 4100 Πηλεύς.
1379 4035 1395 4085 (1
1412 4032 1447 4085 dr

274 4116 377 4186 infirm
396 4117 485 4168 αὐτὸν
503 4119 612 4186 ἔτρεφε
631 4120 732 4187 οπλα)
732 4136 804 4187 χι
768 4136 813 4178 (1(
830 4121 902 4173 icor
904 4138 963 4172 ((11
982 4121 1028 4173 ual
1048 4127 1128 4172 ο(1ῖ1(11
1145 4123 1257 4199 ἀγοίων
1271 4123 1317 4174 ruri
1330 4125 1446 4189 ‹lours-rr

272 4207 401 4274 μυελοῖς.

349 4293 366 4359 1
387 4298 420 4352 cf.
441 4315 524 4365 supra
542 4316 607 4366 pag.
626 4299 670 4368 24.
