3292 5034
708 452 836 515 ..17
890 491 923 499 .-

231 645 376 728 Denique
409 646 423 709 l
454 647 517 708 475
542 666 629 729 seqq.
654 645 766 709 Achivi
794 644 951 709 Achillem
977 645 1163 729 flagitantes
1187 645 1297 710 dicunt
1328 668 1399 710 eum

231 775 329 816 unum
365 752 493 816 Troiam
527 775 711 836 expugnare
747 775 857 833 possm
895 755 964 836 qais
996 755 1076 816 eninr
1110 754 1188 834 alter
1221 751 1401 816 aChirone

231 859 383 922 educatus
407 858 458 934 sit,

644 968 747 1049 patrii
766 967 972 1050 propiorem
995 967 1078 1030 linea
1103 967 1188 1047 caeli,
1258 960 1285 1033 ’,

233 1132 236 1138 .
277 1091 430 1156 querare
456 1073 579 1135 aliam
605 1072 764 1156 Styyios
788 1074 932 1136 tulerit
955 1079 1109 1136 secreta
1130 1095 1200 1156 per
1224 1094 1357 1136 oannes

276 1178 417 1242 Nereis
440 1186 473 1242 et
491 1179 686 1262 pulchros
706 1179 819 1260 ferro
838 1182 1148 1263 praestruxerit
1165 1181 1315 1243 ortas?
1348 1228 1350 1232 ,

297 1373 408 1457 Fingit
431 1372 531 1458 igitur
555 1379 650 1455 poeta
672 1373 831 1438 Achillem
855 1380 992 1438 amatre
1015 1373 1048 1437 in
1065 1374 1199 1459 Stygem
1216 1375 1400 1440 immersum

230 1479 497 1544 invulnerabilem
528 1481 648 1544 factum
681 1502 748 1550 esse
779 1486 913 1561 excepto
933 1504 1008 1553 ¹una
1031 1481 1176 1561 corporis
1199 1487 1307 1563 parte,
1327 1504 1401 1566 'qua

230 1609 302 1650 eum
326 1588 411 1652 bello
435 1588 622 1652 imminente
646 1589 825 1669 periturum
844 1610 912 1651 esse
930 1592 1031 1651 mater
1047 1611 1111 1652 non
1129 1588 1268 1672 ignorat.
1308 1590 1401 1667 Hanc

229 1694 387 1774 fabulam,
419 1695 479 1759 etsi
504 1700 578 1758 ante
603 1694 740 1759 Statium
772 1717 929 1778 nusquam
954 1695 1109 1773 occurrit,
1140 1700 1248 1759 tamen
1272 1719 1337 1760 non
1361 1698 1401 1761 ab

230 1824 267 1865 eo
292 1808 452 1881 novatam,
475 1803 529 1866 sed
546 1823 562 1866 e
578 1800 668 1865 fonte
685 1802 837 1865 haustam
851 1823 918 1864 esse
935 1801 1110 1865 vetustiore
1127 1803 1220 1866 nobis
1236 1803 1401 1885 deperdito

230 1930 459 1993 cognoscemus
482 1909 618 1994 vestigia
634 1909 793 1990 persecuti
810 1931 929 1985 eorum,
953 1908 1008 1991 qui
1024 1913 1153 1990 praeter
1169 1931 1241 1974 eum
1258 1910 1400 1973 fabulam

230 2019 371 2100 tangunt
403 2017 451 2080 vel
484 2022 626 2081 narrant.
683 2017 730 2079 Ac
766 2016 903 2096 primum
939 2015 1067 2099 quidem
1101 2015 1330 2099 Hyginus¹)
1364 2018 1401 2080 de

229 2121 368 2186 Achillis
401 2145 477 2187 nece
510 2123 609 2187 tradit
643 2124 738 2188 haec:
779 2123 904 2186 Hectore
926 2125 1043 2207 sepulto
1066 2146 1135 2186 oum
1158 2125 1295 2187 Achilles
1318 2127 1400 2188 circa

229 2232 350 2294 moenia
378 2230 585 2295 Troianorum
615 2238 781 2314 nonoretur
811 2238 838 2293 et
868 2230 980 2294 diceret
1009 2253 1040 2294 se
1069 2231 1166 2293 solam
1195 2231 1321 2294 Troiam
1352 2253 1401 2294 ea·

223 2358 389 2420 alienasse,
404 2339 515 2420 Apollo
539 2339 641 2400 iratus
664 2339 881 2401 Alesamlram
904 2338 1006 2401 Parin
1029 2359 1060 2400 se
1082 2338 1235 2400 simulans
1258 2338 1401 2414 talam,

231 2465 330 2528 qoem
354 2447 541 2508 mortalem
566 2445 740 2508 introisse
763 2445 919 2526 elicitur)
942 2447 1056 2527 serilla
1069 2445 1223 2526 percussit
1239 2451 1266 2507 et
1282 2445 1400 2509 occidit.

229 2549 315 2614 Idem
332 2552 398 2615 fere
415 2553 547 2615 tradunt
570 2550 860 2632 Apollodor·us²)
885 2555 917 2614 et
938 2551 1104 2626 Quintus
1128 2549 1400 2633 Smyrnaeus.³)

229 2657 289 2732 Qui
320 2658 379 2721 etsi
410 2681 474 2722 non
498 2663 693 2736 memorant,
724 2681 787 2740 qua
811 2657 937 2720 ratione
960 2657 1082 2721 factum
1106 2656 1164 2735 sit,
1195 2661 1231 2720 ut
1256 2656 1400 2721 Achilles

229 2764 330 2827 solum
363 2765 463 2829 talum
496 2765 663 2830 mortalem
695 2764 761 2827 sive
785 2763 1017 2826 vulnerabilem
1048 2764 1197 2842 haberet,
1228 2768 1336 2827 tamen
1362 2786 1400 2827 ex

229 2871 385 2954 Hygini
415 2872 521 2936 verbis
552 2871 673 2935 notatis
703 2872 777 2935 licet
808 2871 961 2956 colligere
986 2872 1151 2956 vulgatam
1180 2871 1279 2935 fuisso
1303 2873 1399 2936 talem

229 2978 381 3057 fabulam,
405 2979 531 3061 qualem
549 2984 677 3060 praeter
692 2978 829 3043 Statium
847 2979 940 3043 nobis
959 2978 1097 3043 servavit
1113 2978 1313 3059 Servius⁴)
1331 2979 1397 3044 his:

228 3085 363 3148 Achilles
379 3107 399 3148 a
415 3093 512 3149 matre
528 3089 640 3150 tinctus
658 3089 690 3150 in
707 3087 828 3171 Styqera
838 3087 989 3170 palliatam
1003 3093 1063 3149 toto
1079 3108 1205 3169 corpore
1220 3089 1400 3150 invulnera-

229 3191 299 3255 bilis
314 3193 379 3273 fait
395 3201 517 3276 excepta
527 3201 621 3276 parte
638 3215 700 3278 qua
715 3201 815 3257 tentas
831 3200 885 3272 est;
898 3195 952 3277 qai
968 3214 1034 3255 cum
1055 3201 1192 3257 ornatam
1210 3193 1399 3277 Polyxenam

229 3306 261 3360 al
285 3301 318 3362 in
343 3301 451 3381 tenvplo
476 3303 624 3382 occilreret
640 3302 803 3374 statuisset,
827 3300 953 3362 insidiis
971 3300 1099 3362 Paridis
1109 3307 1181 3382 post
1196 3293 1399 3362 stinulacrum

228 3406 350 3468 latentis
383 3408 498 3468 occisus
531 3413 591 3483 est,·
623 3407 867 3486 vindelionum
891 3405 973 3488 qaod
996 3412 1112 3468 tenente
1137 3406 1281 3486 Apolline
1305 3407 1398 3469 Paris

229 3619 440 3626 ————-—--

304 3739 319 3804 'l
340 3744 395 3798 fab.
417 3744 475 3796 107.

302 3863 319 3929 'l
339 3867 405 3936 epit.
426 3871 449 3932 5,
470 3869 501 3922 3:
530 3864 637 3934 διώξας
665 3865 699 3920 δὲ
729 3868 795 3934 rolrg
825 3868 927 3936 Τρῶας
953 3867 1032 3935 πρὸς
1059 3878 1122 3934 ταῖς
1149 3867 1265 3934 aaaron<
1291 3869 1397 3933 πύλαις

227 3955 411 4022 ἐτοξεύθη
441 3956 496 4007 ὑπὸ
517 3966 566 4008 ron
582 3951 783 4024 Ἀλεξάνδρου
803 3959 849 4008 rol
866 3952 1064 4024 Ἀπόλλωνος
1091 3961 1148 4024 εἰς
1174 3959 1212 4009 τὸ
1239 3956 1396 4024 σφυρόν.

302 4077 319 4144 ³)
340 4082 379 4134 ΙΙΙ
400 4082 447 4135 6·2;
469 4081 516 4132 καί
534 4081 550 4132 ἑ
570 4083 651 4147 torto
671 4084 775 4149 οὔτησε
795 4083 868 4133 κατὰ
887 4083 1009 4150 σφυρόν.

301 4205 319 4268 ⁴)
339 4208 373 4261 ad
395 4209 475 4274 Verg.
498 4209 564 4262 Aen.
585 4209 623 4261 Vl
643 4209 675 4262 57
704 4206 823 4276 [Phoebe
852 4211 1056 4278 Dardanaque
1085 4212 1198 4262 Paridis
1217 4211 1319 4260 direnti
1344 4211 1396 4260 tela

228 4315 376 4366 montesque
394 4315 492 4366 corpas
510 4299 541 4352 ia
560 4295 714 4364 Aeacidum

1220 4405 1236 4458 2
